1611 2509
464 64 780 102 BUCOLJCA.
839 64 964 100 ECL.
996 62 1069 99 IX.
1389 71 1437 110 31)

115 164 253 210 Necte,
276 163 474 212 Amarylli,
502 164 625 201 modo
652 170 689 201 et
717 163 918 200 “Veneris
931 163 950 179 '’
975 162 1040 200 dic
1069 161 1257 199 “vincula
1284 161 1436 199 necto.’'

168 215 311 255 Ducite
340 218 389 254 ab
417 217 513 254 urbe
541 217 717 262 domum,
739 229 828 253 mea
856 216 1038 259 carmina,
1064 215 1196 253 ducite
1226 214 1436 264 Daphnim.

119 269 254 308 Limus
282 276 326 307 ut
352 268 416 306 hic
444 268 624 314 durescit,
655 276 694 307 et
721 269 819 306 haec
847 276 890 306 ut
917 282 1005 306 cera
1032 267 1211 317 liquescit
1389 269 1435 305 81

115 323 210 361 Uno
238 323 458 371 eodemque
487 321 577 371 igni,
608 321 664 359 sic
693 329 826 360 nostro
857 320 1036 370 Daphnis
1064 333 1206 359 amore.

114 377 258 425 Sparge
287 376 444 421 molam,
475 382 513 412 et
541 375 692 424 fragiles
721 375 889 413 incende
918 374 1108 413 bitumine
1136 376 1275 412 laurus.

115 428 297 478 Daphnis
326 441 390 466 me
419 429 543 466 malus
572 428 659 475 urit,
690 441 762 478 ego
791 429 893 466 hanc
921 428 961 466 in
991 427 1203 477 Daphnide
1232 429 1389 466 laurum.

170 481 313 520 Ducite
341 482 392 519 ab
421 483 516 519 urbe
545 482 718 528 domurn,
740 495 828 520 mea
855 481 1038 527 carmina,
1064 481 1194 519 ducite
1226 481 1435 531 Daphnim.

113 535 220 573 Talis
247 548 357 573 amor
387 535 601 584 Daphnim,
632 534 756 584 qualis
785 548 876 573 cum
904 536 1005 573 fessa
1034 534 1241 573 iuvencum
1386 538 1435 573 86

116 590 190 627 Per
219 601 380 627 nemora
408 596 526 636 atque
554 590 653 626 altos
682 589 907 637 quaerendo
937 589 1079 626 bucula
1106 589 1214 626 lucos

112 643 276 691 Propter
302 655 427 691 aquae
456 641 579 679 rivum
608 641 721 680 viridi
749 642 969 691 procumbit
997 641 1037 679 in
1065 643 1166 689 ulva,

112 695 269 734 Perdita
296 708 370 733 nec
398 708 506 733 serae
534 695 712 734 meminit
741 696 931 733 decedere
959 694 1076 741 nocti,

111 748 219 787 Talis
247 761 357 787 amor
385 756 529 794 teneat,
558 762 632 787 nec
660 748 709 786 sit
738 748 833 786 mihi
861 762 952 786 cura
980 747 1136 787 mederi.
1387 762 1436 797 90

165 801 308 840 Ducite
336 803 387 840 ab
415 803 510 841 urbe
539 803 712 848 domum⁷
737 816 824 840 mea
852 802 1035 849 carmina,
1061 801 1192 840 ducite
1225 803 1435 852 Daphnim.

112 857 199 893 Has
227 855 321 894 olim
350 855 507 894 exuvias
537 856 631 893 mihi
662 857 833 904 perfidus
862 856 926 894 ille
955 855 1120 905 reliquit,

110 910 280 959 Pignora
306 922 396 947 cara
423 909 505 948 sui:
545 922 646 959 quae
675 922 781 947 nunc
810 922 882 958 ego
912 909 1045 947 limine
1073 909 1113 946 in
1141 908 1241 958 ipso,

109 964 240 1010 Terra,
269 962 339 1001 tibi
367 963 538 1011 mando3
575 963 722 1001 debent
750 963 847 1001 haec
872 964 1035 1012 pignora
1064 962 1274 1012 Daphnim.

164 1017 308 1054 Ducite
336 1016 386 1054 ab
414 1017 510 1054 urbe
539 1017 713 1062 domum,
736 1029 822 1054 mea
851 1015 1034 1062 carmina,
1062 1017 1194 1054 ducite
1224 1016 1434 1066 Daphnim.

112 1071 196 1108 Has
225 1070 365 1108 herbas
394 1076 511 1119 atque
541 1071 637 1108 haec
667 1072 796 1108 Ponto
823 1069 918 1107 mihi
946 1071 1048 1108 lecta
1073 1083 1224 1108 venena
1387 1072 1435 1120 96

110 1125 201 1172 Ipse
230 1123 338 1162 dedit
368 1123 538 1161 Moeris·
528 1152 539 1170 ,
577 1131 789 1161 nascuntur
816 1123 983 1172 plurima
1012 1124 1165 1161 Ponto·
1156 1153 1165 1169 ,

110 1177 186 1215 His
215 1189 288 1226 ego
316 1189 434 1226 saepe
462 1178 600 1226 lupum
630 1177 711 1215 fieri
741 1184 778 1215 et
807 1190 848 1215 se
877 1178 1049 1215 condere
1079 1176 1183 1214 silvis

110 1231 292 1278 Moerim,
322 1243 440 1279 saepe
468 1244 616 1268 animas
645 1230 733 1268 imis
761 1230 887 1269 excire
917 1230 1103 1280 sepulcris

109 1286 240 1333 Atque
268 1291 370 1322 satas
399 1283 475 1321 alio
504 1283 585 1322 vidi
614 1284 814 1323 traducere
843 1297 1000 1323 messes.
1357 1285 1435 1322 '100

162 1336 304 1376 Ducite
333 1338 382 1376 ab
412 1339 506 1375 urbe
535 1338 710 1386 domum,
735 1351 824 1376 mea
851 1338 1035 1384 carmina,
1060 1338 1191 1376 ducite
1223 1338 1433 1388 Daphnim.

108 1392 182 1429 Fer
210 1390 371 1438 cineres,
402 1391 601 1441 Amarylli,
632 1393 733 1429 foras
762 1391 923 1441 rivoque
952 1391 1088 1429 fluenti

106 1445 142 1481 T
144 1457 311 1494 ransque
341 1452 457 1494 caput
486 1444 582 1491 iace,
614 1458 688 1483 nec
717 1445 939 1494 respexeris.
999 1445 1076 1483 His
1104 1458 1177 1495 ego
1208 1445 1409 1495 Daphnim

107 1498 323 1547 Adgrediar
334 1513 345 1546 3
384 1498 480 1535 nihil
508 1498 573 1537 ille
602 1499 712 1544 deoS,
743 1499 795 1536 nil
825 1498 997 1537 carmina
1024 1506 1142 1536 curat.

162 1551 304 1590 Ducite
333 1552 382 1590 ab
412 1553 507 1589 urbe
533 1553 708 1598 domum,
737 1565 825 1590 mea
851 1553 1034 1598 carmina,
1059 1552 1190 1590 ducite
1221 1552 1433 1602 Daphnim.

108 1605 277 1654 Aspice:
314 1606 501 1654 corripuit
530 1606 703 1644 tremulis
732 1606 865 1643 altaria
895 1606 1061 1643 flammis
1363 1609 1435 1643 106

107 1660 255 1708 Sponte
284 1672 365 1704 sua,
395 1660 488 1696 dum
518 1661 615 1697 ferre
645 1672 784 1705 moror,
816 1659 913 1697 cinis
942 1660 1036 1708 ipse.
1097 1661 1252 1697 Bonum
1281 1659 1354 1698 sit!

107 1711 254 1750 Nescio
283 1712 379 1761 quid
407 1719 512 1750 certe
539 1720 608 1760 est,
637 1720 676 1750 et
707 1714 840 1762 Hylax
868 1712 908 1750 in
934 1712 1070 1751 limine
1097 1714 1219 1751 latrat.

75 1807 78 1811 ,
107 1766 342 1804 Credimus?
379 1778 440 1809 an,
473 1765 540 1813 qui
569 1773 715 1811 amant,
747 1766 820 1815 ipsi
849 1766 922 1804 sibi
952 1766 1104 1805 somnia
1132 1768 1312 1815 fingunt?

159 1818 322 1863 Parcite,
350 1819 401 1856 ab
430 1820 526 1856 urbe
556 1819 672 1867 venit,
704 1819 781 1857 iam
811 1820 967 1868 parcite,
999 1819 1171 1858 carmina
1200 1819 1406 1870 Daphnis.'

606 1981 828 2020 ECLOGA
869 1982 939 2018 IX.

553 2095 746 2133 chmAs.
807 2097 986 2133 Mossms.

158 2201 203 2238 L.
239 2201 334 2249 QUO
364 2207 413 2246 te,
444 2198 582 2244 Moeri,
606 2200 756 2248 pedes?
784 2213 845 2246 an,
869 2213 949 2249 quo
976 2198 1037 2237 via
1063 2198 1180 2245 ducit,
1203 2198 1244 2237 in
1269 2199 1433 2239 urbem?

159 2254 223 2292 M.
253 2255 289 2291 Ο
321 2252 480 2303 Lycida,
512 2252 588 2290 vivi
619 2253 877 2302 pervenimus,
907 2254 1059 2292 advena
1088 2252 1207 2291 nostri
