1591 2479
97 102 143 135 42
427 92 472 128 J).
526 92 777 130 VERGJLJ
809 94 1084 134 MARONJS

99 195 192 231 Non
220 193 397 232 canimus
425 193 572 232 surdis·
562 223 573 242 ,
611 196 853 253 respondent
881 196 1015 234 omnia
1044 197 1174 236 silvae.

152 248 263 296 Quae
293 259 455 285 nemora
484 255 551 285 aut
580 247 647 297 qui
676 261 744 286 vos
774 251 893 287 saltus
921 251 1104 298 habuere,
1136 253 1289 301 puellae

99 301 259 347 Naides,
290 300 453 350 indigno
483 314 572 338 cum
603 302 738 340 Gallus
767 315 900 341 amore
927 303 1106 353 peribat?
1378 319 1423 343 10

100 355 204 392 Nam
233 366 362 403 neque
391 354 550 392 Parnasi
579 354 691 393 vobis
720 355 820 404 iuga,
854 369 944 394 nam
974 370 1103 407 neque
1136 357 1251 396 Pindi

100 408 194 446 Ulla
221 421 370 446 moram
399 408 536 455 fecere,
567 421 695 457 neque
723 409 852 448 Aonie
882 411 1103 461 Aganippe.

102 462 216 499 Illum
248 460 366 499 etiam
395 461 502 509 lauri,
533 461 651 500 etiam
681 462 821 501 fleveie
852 463 1033 523 myricae,

104 514 246 553 Pinifer
273 514 383 552 illum
413 515 528 553 etiam
560 516 643 553 sola
671 517 744 554 sub
772 528 869 566 rupe
899 517 1091 555 iacentem

102 569 307 607 Maenalus
336 575 375 606 et
402 568 520 618 gelidi
549 569 737 607 fleverunt
765 582 858 607 saxa
887 571 1039 619 Lycaei.
1379 584 1422 621 15

101 623 213 661 Stant
243 629 281 660 et
309 634 402 660 oves
430 622 575 660 circum
605 622 744 672 (nostri
774 636 847 661 nec
875 623 1047 672 paenitet
1076 624 1184 662 illas:

102 676 188 713 Nec
216 683 254 713 te
283 675 483 725 paeniteat
511 675 674 725 pecoris,
708 676 840 715 divine
868 685 984 726 poeta
998 692 1007 724 ;

102 731 153 767 Et
181 730 373 767 formosus
402 742 494 768 oves
522 730 573 767 ad
602 729 764 767 flumina
791 731 899 779 pavit
926 731 1104 781 Adonis),

103 782 220 820 Venit
250 790 288 820 et
317 781 447 832 upilio,
478 782 578 821 tardi
606 796 748 821 venere
776 784 938 830 subulci,

103 836 257 875 Uvidus
286 836 447 874 hiberna
475 836 580 874 venit
609 837 659 874 de
688 838 829 886 glande
859 839 1073 876 Menalcas.
1379 852 1425 875 20

103 892 252 929 Omnes
284 890 411 928 ‘unde
440 903 549 928 amor
576 890 669 928 iste’
698 898 835 940 rogant
865 890 1006 929 ‘tibi?'
1067 891 1186 929 Venit
1217 893 1381 941 Apollo:

104 945 249 989 ‘Galle,
281 943 376 992 quid
406 943 601 982 insanis?’
631 943 766 992 inquit,
801 948 888 982 ‘tua
916 958 1007 983 cura
1039 946 1197 994 Lycoris

105 999 276 1046 ‘Perque
305 996 412 1034 nives
441 997 558 1035 alium
589 1010 736 1046 perque
765 997 920 1036 horrida
948 1006 1074 1037 castra
1102 1006 1232 1037 secuta
1264 1000 1344 1037 cst.'

103 1050 222 1089 Venit
250 1058 288 1088 et
317 1050 455 1100 agresti
484 1050 621 1100 capitis
649 1051 826 1089 Silvanus
855 1053 1002 1090 honore

106 1106 306 1142 Florentes
335 1105 472 1142 ferulas
502 1112 540 1143 et
568 1105 730 1155 grandia
758 1105 837 1143 lilia
866 1119 1063 1154 quassans.
1380 1117 1424 1154 25

106 1159 188 1195 Pan
218 1159 314 1196 deus
344 1157 533 1196 Arcadiae
561 1158 679 1205 venit,
710 1171 826 1208 quem
856 1159 1023 1197 vidimus
1052 1158 1127 1208 ipsi

105 1210 334 1261 Sanguineis
364 1212 469 1249 ebuli
498 1212 630 1250 baccis
659 1211 860 1262 minioque
889 1214 1105 1251 rubentem.

109 1265 276 1314 ‘Ecquis
305 1264 376 1303 erit
405 1266 591 1304 modus?'
628 1265 763 1315 inquit.
823 1268 968 1304 ‘Amor
995 1280 1075 1305 non
1105 1267 1195 1304 talia
1222 1274 1353 1305 curat:

108 1320 217 1357 ‘Nec
246 1318 413 1356 lacrimis
442 1319 609 1357 crudelis
639 1321 771 1365 Amor,
803 1333 876 1358 nec
904 1319 1078 1369 gramina
1106 1320 1205 1363 rivis,

109 1374 218 1410 ‘Nec
246 1371 368 1421 cytiso
397 1380 617 1410 saturantur
643 1385 750 1421 apes,
780 1387 853 1411 nec
881 1375 1018 1412 fronde
1045 1374 1243 1422 capellae?
1381 1385 1430 1421 30

108 1425 244 1463 Tristis
272 1433 311 1463 at
340 1425 403 1464 ille
435 1428 609 1464 ‘Tamen
639 1426 856 1471 cantabitis,
889 1428 1089 1472 Arcades,’
1118 1426 1254 1476 inquit,

112 1479 340 1517 ‘Montibus
367 1480 465 1517 haec
492 1479 640 1526 vestris,
671 1480 742 1518 soli
771 1489 927 1518 cantare
956 1480 1067 1529 periti

110 1533 314 1571 ‘Arcades
375 1534 410 1572 O
440 1532 535 1571 mihi
566 1541 649 1571 tum
679 1546 796 1582 quam
826 1534 993 1571 molliter
1021 1547 1107 1572 ossa
1137 1533 1350 1583 quiescant,

111 1588 272 1624 ‘Vestra
300 1599 409 1624 meos
438 1587 530 1625 olim
562 1587 593 1624 si
623 1588 750 1625 fistula
779 1587 882 1625 dicat
910 1591 1084 1625 amores!

112 1644 264 1689 ‘Atque
292 1639 439 1678 utinam
469 1654 515 1678 ex
546 1641 656 1678 vobis
686 1654 785 1678 unus
813 1642 1025 1690 vestrisque
1054 1641 1210 1679 fuissem
1381 1653 1401 1688 3
1411 1652 1428 1689 5

115 1695 215 1731 ‘Aut
244 1701 373 1732 custos
401 1694 525 1743 gregis
555 1702 621 1732 aut
651 1702 823 1732 maturae
853 1694 993 1732 vinitor
1021 1698 1142 1732 uvae!

114 1749 250 1786 ‘Certe
279 1747 359 1784 sive
389 1747 483 1784 mihi
514 1749 657 1797 Phyllis
687 1747 767 1785 sive
796 1755 897 1785 esset
924 1749 1114 1797 Amyntas

113 1802 209 1839 ‘Seu
239 1800 477 1849 quicumque
506 1800 782 1850 furort—quid
812 1809 906 1847 tum,
938 1801 969 1839 si
996 1802 1125 1839 fuscus
1157 1802 1374 1850 Amyntas?

110 1858 120 1875 ‘
138 1856 187 1892 Et
215 1854 345 1903 nigrae
375 1854 500 1892 violae
531 1862 620 1892 sunt
649 1863 687 1892 et
715 1854 890 1892 vaccinia
920 1854 1028 1904 nigra
1043 1869 1105 1892 :—

114 1910 295 1945 ‘Mecum
324 1907 424 1945 inter
452 1908 587 1946 salices
616 1909 720 1946 lenta
749 1909 822 1946 sub
849 1908 928 1946 vite
957 1909 1121 1946 iaceret:
1384 1920 1433 1953 40

113 1962 244 1999 ‘Serta
271 1960 366 1998 mihi
398 1961 541 2010 Phyllis
571 1963 726 2010 legeret,
757 1968 931 1999 cantaret
961 1963 1162 2010 Amyntas.

114 2014 216 2052 ‘Hic
244 2014 362 2064 gelidi
390 2015 529 2062 fontes,
560 2014 623 2052 hic
651 1991 785 2052 mollia
813 2022 934 2064 prata,
966 2014 1116 2064 Lycori‚

114 2067 218 2105 ‘Hic
248 2080 408 2106 nemus:
448 2067 510 2105 hic
537 2066 625 2117 ipso
654 2076 782 2106 tecum
815 2081 1064 2106 consumerer
1092 2080 1200 2106 aevo.

114 2122 253 2158 ‘Nunc
280 2120 439 2158 insanus
467 2123 589 2159 Amor
616 2121 700 2159 duri
729 2134 792 2160 me
823 2121 959 2159 Martis
987 2121 1026 2158 in
1055 2121 1171 2159 armis

115 2176 234 2212 ‘Tela
262 2175 362 2211 inter
390 2174 520 2212 media
548 2182 665 2222 atque
694 2175 878 2212 adversos
907 2174 1056 2213 detinet
1085 2175 1241 2212 hostes:
1385 2184 1432 2222 45

115 2229 197 2265 ‘Tu
230 2228 364 2276 procul
393 2240 415 2264 a
445 2227 568 2275 patria
598 2228 688 2276 (nec
718 2228 766 2265 sit
796 2227 889 2264 mihi
918 2229 1075 2266 credere
1105 2226 1272 2276 tantum)

117 2282 300 2330 ‘Alpinas
330 2281 378 2317 ah
409 2281 504 2318 dura
534 2280 641 2318 nives
671 2288 709 2318 et
738 2281 877 2330 frigora
908 2281 1037 2319 Rheni
