1621 2509
456 101 767 139 BUCOLJCA.
826 99 952 137 ECL.
1001 98 1038 135 V.
1353 109 1398 144 31

86 195 187 233 Cum
216 197 424 243 complexa
453 196 513 232 sui
541 208 684 244 corpus
713 196 934 233 miserabile
962 196 1043 233 nati

84 249 216 296 Atque
244 249 341 285 deos
370 257 489 297 atque
517 257 619 286 astra
646 256 762 286 vocat
790 249 961 286 crudelia
989 256 1123 286 mater.

85 301 178 338 Non
208 301 274 338 ulli
302 309 436 349 pastos
463 301 538 338 illis
566 314 679 351 egere
708 302 848 340 diebus

84 353 250 402 Frigida,
273 354 443 402 Daphni,
467 356 587 392 boves
589 331 663 392 ead
688 355 870 403 flumina,
900 355 1005 392 nulla
1025 366 1152 403 neque
1172 366 1326 391 amnem
1358 364 1402 403 25

84 405 239 445 Libavit
266 408 501 456 quadrupeS,
532 421 606 446 nec
633 407 817 467 graminis
845 407 972 466 attigit
1001 408 1173 445 herbam.

85 459 258 509 Daphni,
290 468 399 498 tuum
430 462 586 499 Poenos
615 461 732 499 etiam
761 461 995 511 ingemuisse
1025 462 1158 499 leones

45 543 50 548 .
84 514 289 551 Interitum
319 521 552 563 montesque
580 514 650 552 feri
678 515 874 563 silvaeque
901 516 1120 563 loquontur.

85 566 263 615 Daphnis
291 574 329 605 et
358 569 563 605 Armenias
591 581 702 605 curru
732 568 966 617 subiungere
996 567 1108 616 tigres

83 619 266 666 Instituit,
298 620 477 669 Daphnis
505 621 651 659 thiasos
678 621 862 659 inducere
892 621 1035 658 Bacchi
1357 633 1405 669 30

84 674 136 711 Et
163 673 264 711 foliis
293 674 417 711 lentas
445 674 616 712 intexere
645 674 828 712 mollibus
856 674 998 711 hastas.

83 725 182 763 Vitis
211 735 254 765 ut
281 727 481 765 arboribus
510 727 642 765 decori
672 736 741 774 est,
772 736 814 765 ut
843 726 985 764 vitibus
1015 740 1122 774 uvae,

85 780 141 818 Ut
169 780 349 829 gregibus
378 780 488 826 tauri,
519 789 668 829 segetes
698 789 739 818 ut
768 780 977 830 pinguibus
1006 780 1116 826 arvis,

83 834 145 870 Tu
174 834 294 871 decus
323 846 440 871 omne
469 834 552 871 tuis.
612 836 825 882 Postquam
856 843 893 871 te
920 834 998 871 fata
1025 834 1205 879 tulerunt,

85 887 178 935 Ipsa
208 888 319 924 Pales
349 899 460 936 agros
488 895 607 936 atque
636 887 719 936 ipse
747 887 900 936 reliquit
929 888 1084 936 Apollo.
1355 897 1401 934 35

87 939 262 977 Grandia
291 953 407 989 saepe
436 940 578 989 quibus
607 941 880 978 mandavimus
909 940 1056 978 hordea
1084 939 1210 987 sulcis,

85 993 227 1031 Infelix
255 993 390 1031 lolium
419 1001 457 1031 et
486 993 633 1031 steriles
663 1001 874 1031 nascuntur
893 1005 1063 1040 avenae3

85 1047 160 1084 Pro
190 1045 299 1084 molli
327 1046 440 1091 viola,
471 1059 541 1095 pro
570 1059 765 1096 purpurea
792 1046 963 1084 narcisso

85 1099 265 1138 Carduus
294 1106 333 1137 et
361 1099 482 1148 spinis
510 1100 628 1149 surgit
657 1100 827 1148 paliurus
857 1099 993 1137 acutis.

83 1153 259 1202 Spargite
286 1153 452 1190 humum
481 1153 592 1197 foliis,
621 1152 793 1190 inducite
823 1152 995 1191 fontibus
1024 1153 1191 1197 umbras,
1357 1165 1407 1198 40

84 1207 274 1252 Pastores‚
304 1207 465 1244 mandat
494 1206 576 1244 fieri
604 1206 677 1244 sibi
707 1207 797 1243 talia
827 1206 1014 1255 Daphnis,

85 1260 135 1296 Et
163 1260 356 1297 tumulum
384 1260 509 1306 facite,
540 1268 578 1297 et
608 1261 758 1297 tumulo
788 1272 905 1308 super
933 1258 1066 1296 addite
1094 1271 1273 1297 carmen:

86 1312 289 1362 ‘Daphnis
318 1311 390 1361 ego
418 1312 458 1350 in
488 1313 602 1358 silvis,
635 1313 724 1350 hinc
753 1325 876 1361 usque
905 1313 956 1350 ad
985 1311 1112 1349 sidera
1139 1320 1266 1357 notus,

84 1365 262 1403 Formosi
290 1365 441 1414 pecoris
469 1374 610 1412 custos,
641 1366 844 1403 tormosior
871 1366 980 1414 ipse.y

135 1420 214 1456 Me.
255 1420 351 1456 Tale
382 1428 490 1456 tuum
520 1432 676 1456 carmen
707 1419 830 1466 nobis,
863 1419 992 1457 divine
1021 1425 1149 1467 poeta,
1358 1429 1404 1467 45

85 1473 211 1521 Quale
240 1485 358 1521 sopor
386 1472 496 1510 fessis
525 1472 565 1509 in
593 1472 778 1522 gramine,
809 1473 923 1520 quale
952 1484 1020 1521 per
1047 1479 1198 1509 aestum

85 1525 221 1563 Dulcis
250 1538 375 1574 aquae
405 1525 567 1563 saliente
597 1526 700 1563 sitim
729 1526 965 1574 restinguere
994 1524 1086 1562 rivo.

85 1580 173 1616 Nec
202 1578 362 1616 calamis
391 1580 517 1617 solum
546 1579 788 1628 aequiperas,
819 1580 885 1616 sed
920 1591 1016 1616 voce
1045 1576 1280 1627 magistrum.

85 1633 295 1670 Fortunate
324 1644 431 1681 puer,
462 1640 502 1670 tu
533 1645 638 1669 nunc
667 1632 739 1670 eris
767 1634 864 1670 alter
891 1633 940 1669 ab
969 1631 1046 1669 illo.

86 1686 171 1723 Nos
199 1694 330 1723 tamen
357 1687 453 1723 haec
480 1698 731 1734 quocumque
758 1686 879 1723 modo
906 1685 976 1723 tibi
1001 1691 1133 1722 nostra
1155 1683 1326 1722 vicissim
1359 1694 1409 1733 50

87 1738 286 1785 Dicemus,
319 1739 602 1787 Daphnimque
631 1748 741 1776 tuum
771 1739 952 1776 tollemus
981 1739 1031 1776 ad
1060 1745 1184 1784 astra3

86 1791 285 1841 Daphnim
314 1792 364 1829 ad
393 1799 495 1829 astra
523 1793 715 1829 feremus:
753 1791 897 1829 amavit
927 1804 998 1829 nos
1027 1803 1185 1840 quoque
1216 1790 1408 1839 Daphnis.

138 1846 219 1882 Mo.
260 1847 322 1882 An
353 1845 563 1894 quicquam
594 1844 707 1882 nobis
737 1844 803 1882 tali
831 1843 879 1882 sit
908 1856 1068 1882 munere
1098 1843 1250 1881 maius?

87 1899 137 1936 Et
165 1910 261 1947 puer
290 1898 373 1947 ipse
401 1899 473 1936 fuit
501 1898 646 1936 cantari
675 1898 827 1947 dignus,
859 1905 896 1935 et
924 1897 997 1935 ista

87 1952 173 1989 Iam
202 1951 353 2000 pridem
385 1951 602 1990 Stimichon
631 1951 803 1989 laudavit
831 1950 1004 1988 carmina
1032 1949 1157 1988 nobis.
1361 1960 1407 1999 55

138 2006 216 2042 Me.
259 2004 463 2042 Candidus
492 2005 690 2042 insuetum
719 2007 878 2041 miratur
905 2004 1026 2041 limen
1056 2002 1215 2052 Olympi

87 2058 168 2096 Sub
197 2057 439 2107 pedibusque
469 2057 574 2095 videt
604 2058 728 2095 nubes
757 2065 795 2095 et
824 2057 951 2095 sidera
980 2055 1172 2106 Daphnis.

87 2112 190 2161 Ergo
219 2111 354 2148 alacris
382 2111 494 2149 silvas
524 2118 562 2149 et
591 2118 718 2148 cetera
746 2123 832 2148 rura
860 2111 1039 2159 voluptas

87 2165 274 2213 Panaque
302 2171 557 2214 pastoresque
587 2171 694 2201 tenet
725 2164 981 2213 Dryadasque
1010 2163 1173 2212 puellas.

88 2218 175 2254 Nec
202 2218 318 2265 lupus
346 2216 505 2255 insidias
534 2216 677 2265 pecori,
708 2230 782 2254 nec
809 2216 904 2254 retia
933 2216 1054 2253 cervis
1361 2217 1411 2252 60

87 2270 181 2309 Ulla
205 2270 340 2307 dolum
369 2270 629 2318 meditantur3
666 2277 772 2307 amat
800 2271 927 2308 bonus
953 2269 1032 2307 otia
1061 2269 1249 2322 Daphnis.
