1591 2479
122 120 172 155 34
455 107 500 143 P.
554 107 805 144 VERGJLJ
834 107 1112 145 MARONJS

123 211 160 247 A
187 208 295 257 virgo
324 207 466 253 infelix,
497 220 598 256 quae
627 214 665 245 te
693 207 894 245 dementia
921 207 1051 256 cepit!

124 261 326 300 Proetides
355 260 565 309 implerunt
594 259 699 297 falsis
728 259 940 309 mugitibus
969 273 1091 309 agros,

126 317 177 352 At
205 327 285 351 non
315 321 394 351 tam
423 320 555 361 turpes
584 313 780 361 pecudum
809 320 940 351 tamen
969 315 1047 351 ulla
1073 322 1208 352 secuta

128 366 383 412 Concubitus,
414 365 590 415 quamvis
619 367 721 404 collo
751 365 942 404 timuisset
969 373 1151 414 aratrum,
1398 379 1446 418 50

128 422 177 459 Et
206 432 322 469 saepe
351 418 391 456 in
419 418 494 457 levi
523 419 738 468 quaesisset
765 431 912 457 cornua
937 420 1073 457 fronte.

127 476 164 512 A
190 473 296 522 virgo
326 472 469 519 infelix,
500 479 542 510 tu
570 485 677 509 nunc
704 471 744 509 in
773 471 972 510 montibus
1000 485 1120 511 erras:

131 528 202 564 Ille
231 528 331 564 latus
359 524 517 563 niveum
546 524 656 563 molli
684 525 801 562 fultus
829 524 1043 575 hyacintho

132 580 227 618 Ilice
256 580 328 617 sub
357 578 465 628 nigra
493 579 683 627 pallentes
711 577 879 616 ruminat
909 579 1058 624 herbas,

130 636 208 671 Aut
227 631 424 682 aliquam
416 645 455 669 m
476 644 620 680 magno
641 630 815 680 sequitur
832 644 958 681 grege.
1010 631 1226 680 ‘Claudite,
1244 632 1451 682 Nymphae

132 686 343 723 ‘Dictaeae
373 685 592 734 Nymphae,
624 697 827 722 nemorum
857 685 933 722 iarn
964 684 1133 723 claudite
1159 686 1288 731 saltus,
1402 687 1448 734 56

133 739 192 777 ‘Si
221 751 300 788 qua
327 740 425 776 forte
452 738 576 776 ferant
605 729 748 775 oculis
756 750 840 776 sese
869 737 984 776 obvia
1012 738 1151 776 nostris

134 792 384 830 ‘Errabunda
412 790 523 829 bovis
552 790 736 839 vestigia;
778 790 937 828 forsitan
966 791 1074 829 illum

133 847 235 883 ‘Aut
263 846 384 886 herba
412 852 569 893 captum
599 844 711 881 viridi
740 851 806 882 aut
834 853 1011 882 armenta
1039 851 1216 883 secutum

134 899 377 937 ‘Perducant
406 897 559 946 aliquae
589 898 740 935 stabula
767 898 818 935 ad
848 897 1037 946 Gortynia
1067 899 1233 936 vaccae.’
1404 899 1453 934 60

134 955 239 991 Turn
269 951 373 989 canit
404 949 667 999 Hesperidum
698 951 874 988 miratam
904 952 1007 988 mala
1034 952 1203 1000 puellam
1219 966 1228 998 3

133 1007 237 1043 Tum
268 1003 599 1042 Phaethontiadas
628 1016 765 1041 musco
794 1003 1009 1042 circumdat
1037 1018 1190 1042 amarae

135 1058 312 1105 Corticis,
342 1065 461 1106 atque
490 1057 574 1095 solo
603 1069 784 1107 proceras
814 1056 921 1106 erigit
950 1059 1071 1096 alnos.

135 1114 238 1149 Tum
267 1110 382 1158 canit,
414 1118 605 1148 errantem
636 1110 826 1148 Permessi
855 1111 906 1148 ad
935 1111 1096 1148 flumina
1125 1112 1281 1149 Gallum

135 1167 268 1203 Aonas
297 1165 336 1201 in
364 1171 519 1201 montes
549 1171 590 1201 ut
620 1163 770 1201 duxerit
799 1176 876 1201 una
904 1176 1092 1210 sororum,
1407 1167 1453 1213 65

137 1220 272 1267 thue
300 1216 381 1255 viro
413 1216 562 1254 Phoebi
591 1217 732 1254 chorus
761 1216 1007 1255 assurrexerit
1036 1217 1192 1264 omnis,

137 1274 191 1310 Ut
223 1271 343 1308 Linus
371 1271 467 1308 haec
495 1269 550 1307 illi
580 1269 713 1308 divino
742 1270 912 1308 carmine
943 1279 1076 1319 pastor

140 1324 318 1362 Floribus
346 1331 464 1372 atque
494 1323 583 1372 apio
612 1322 737 1360 crines
766 1332 925 1361 ornatus
954 1337 1086 1362 amaro

139 1377 313 1415 Dixerit:
355 1378 466 1414 ‘Hos
494 1376 564 1414 tibi
593 1377 689 1414 dant
717 1377 900 1423 calamos,
930 1390 979 1415 en
1008 1377 1153 1426 accipe,
1186 1357 1336 1423 Musae,

139 1433 330 1469 ‘Ascraeo
359 1442 457 1479 quos
486 1437 577 1467 ante
606 1429 700 1475 seni,
729 1429 871 1478 quibus
899 1430 963 1468 ille
991 1431 1142 1468 solebat
1412 1442 1460 1477 70

140 1484 370 1523 ‘Cantando
396 1483 539 1531 rigidas
567 1483 760 1520 deducere
789 1483 987 1521 montibus
1016 1496 1140 1522 ornos.

140 1541 149 1558 ‘
166 1537 241 1574 His
270 1537 339 1575 tibi
369 1536 511 1585 Grynei
541 1536 710 1573 nemoris
739 1536 887 1574 dicatur
915 1536 1035 1586 origo,

139 1592 221 1628 ‘Ne
250 1590 336 1639 quis
366 1590 414 1627 sit
441 1590 562 1632 lucus,
594 1601 672 1637 quo
701 1602 742 1627 se
771 1590 858 1638 plus
885 1589 1003 1628 iactet
1031 1591 1196 1639 Apollo.'

140 1643 245 1692 Quid
273 1644 419 1692 loquar,
448 1650 514 1679 aut
541 1643 707 1692 Scyllam
738 1642 834 1689 Nisi,
864 1656 983 1692 quam
1008 1644 1113 1681 fama
1137 1649 1271 1681 secuta
1297 1651 1356 1681 est

141 1696 321 1735 Candida
349 1695 590 1733 succinctam
619 1696 849 1733 latrantibus
877 1696 1039 1745 inguina
1066 1695 1249 1734 monstris
1414 1708 1456 1745 75

143 1749 342 1786 Dulichias
371 1761 532 1787 vexasse
560 1755 660 1786 rates
689 1756 728 1786 et
755 1750 903 1798 gurgite
932 1750 971 1786 in
999 1751 1078 1787 alto

140 1805 199 1840 A!
237 1802 394 1840 timidos
425 1810 563 1839 nautas
593 1801 754 1840 canibus
783 1804 972 1840 lacerasse
1000 1802 1182 1842 marinis:

140 1857 219 1892 Aut
246 1863 289 1892 ut
318 1863 486 1892 mutatos
514 1855 627 1893 Terei
657 1855 865 1894 narraverit
893 1862 1006 1903 artus,

144 1909 252 1956 Quas
282 1908 336 1945 illi
367 1908 583 1945 Philomela
613 1909 744 1957 dapes,
776 1921 877 1957 quae
907 1909 1014 1946 dona
1042 1908 1195 1958 pararit,

142 1962 233 2009 Quo
261 1974 372 1999 cursu
402 1962 555 1998 deserta
583 1961 772 2009 petiverit,
807 1969 844 1999 et
873 1961 1015 2010 quibus
1044 1963 1120 1999 alte
1413 1963 1462 1997 80

144 2015 284 2052 Infelix
312 2027 382 2051 sua
410 2021 512 2051 tecta
540 2027 655 2062 super
683 2014 899 2053 volitaverit
928 2015 1027 2052 alis?

143 2067 299 2112 Omnia,
329 2080 429 2115 quae
459 2068 622 2104 Phoebo
651 2068 852 2115 quondam
882 2067 1096 2106 meditante
1125 2068 1261 2105 beatus

143 2119 276 2157 Audiit
306 2121 469 2157 Eurotas
498 2119 687 2168 iussitque
716 2120 888 2158 ediscere
917 2122 1056 2166 lauros,

145 2174 216 2210 Ille
245 2172 349 2210 canit
382 2172 533 2221 (pulsae
561 2174 732 2210 referunt
760 2174 810 2210 ad
840 2174 965 2211 sidera
991 2172 1140 2224 valles),

144 2226 294 2273 Cogere
323 2226 451 2262 donec
480 2238 574 2263 oves
602 2225 763 2263 stabulis
792 2239 1074 2275 numerumque
1102 2225 1231 2264 referri
1414 2226 1460 2275 85

145 2277 260 2316 Iussit
290 2285 327 2315 et
357 2279 477 2315 invito
506 2279 693 2327 processit
722 2280 871 2329 Vesper
899 2279 1079 2329 Olympo
