1591 2479
93 101 142 136 30
422 87 466 124 P.
520 86 770 124 VERGJLI
799 87 1078 125 MARONJS

90 193 308 240 Terrasque
337 197 558 238 tractusque
587 190 703 227 maris
730 192 961 240 caelumque
989 192 1249 240 profundum:

90 244 245 293 Aspice,
277 250 438 281 venturo
467 244 657 281 laetantur
684 250 726 280 ut
755 243 888 281 omnia
914 245 1055 282 saeclo.

92 299 128 336 O
157 296 251 334 mihi
281 305 361 335 tum
401 298 538 345 longae
567 303 722 333 maneat
752 309 839 344 pars
868 297 1005 334 ultima
1032 297 1143 342 vitae,

92 350 253 399 Spiritus
284 356 321 387 et
351 357 540 398 quantum
570 356 628 386 sat
657 348 727 386 erit
757 357 823 386 tua
850 349 979 388 dicere
1007 351 1119 396 facta,

94 405 186 441 Non
215 416 279 440 me
307 402 543 440 carminibus
572 402 702 440 vincat
731 415 804 440 nec
831 403 1021 440 Thracius
1051 404 1243 453 Orpheus,
1362 413 1407 452 55

92 457 178 494 Nec
209 455 340 502 Linus,
373 455 462 492 huic
490 462 612 492 mater
639 455 816 504 quamvis
845 463 962 505 atque
990 455 1081 494 huic
1110 465 1218 506 pater
1245 455 1356 502 adsit,

94 508 242 558 Orphei
272 508 488 557 Calliopea,
520 508 619 545 Lino
647 510 838 546 formosus
867 510 1021 558 Apollo.

95 564 178 600 Pan
208 561 339 607 etiam,
370 561 539 599 Arcadia
567 574 723 599 mecum
754 561 785 599 si
815 562 942 599 iudice
971 569 1102 609 certet,

99 617 182 652 Pan
213 616 331 652 etiam
361 615 536 652 Arcadia
563 614 668 652 dicat
697 627 738 652 se
768 615 900 653 iudice
929 615 1088 653 victum.

96 667 242 717 Incipe,
273 680 388 716 parve
418 680 524 716 puer,
555 667 631 705 risu
661 680 896 717 cognoscere
925 676 1113 715 matrem3
1364 670 1413 704 60

96 721 213 758 Matri
242 722 358 770 longa
386 721 524 758 decem
553 721 722 758 tulerunt
750 721 903 759 fastidia
930 734 1094 760 menses.

96 773 244 822 Incipe,
276 786 391 822 parve
421 786 538 822 puer:
576 773 638 811 cui
666 786 746 811 non
775 774 891 812 risere
919 782 1109 823 parentes,

98 829 182 865 Nec
211 828 307 864 deus
337 827 441 864 hunc
469 839 615 873 mensa,
646 827 721 864 dea
750 839 823 864 nec
851 827 1010 877 dignata
1038 827 1156 866 cubili
1185 835 1253 866 est.

603 990 824 1028 ECLOGA
863 990 913 1027 V.

518 1096 760 1133 MENALCAS.
818 1097 1000 1133 MOPSUS.

152 1197 230 1233 Me.
267 1197 360 1233 CUR
389 1207 482 1240 non,
505 1196 658 1243 Mopse,
682 1193 776 1231 boni
799 1193 984 1243 quoniam
1011 1196 1264 1232 convenimus
1290 1195 1416 1240 ambo,

98 1251 160 1286 Tu
191 1249 363 1286 calamos
392 1247 525 1285 inflare
554 1248 668 1292 leves,
701 1259 772 1296 ego
802 1247 929 1284 dicere
957 1260 1100 1292 versus,

100 1302 180 1340 Hic
207 1300 344 1350 corylis
373 1300 512 1338 mixtas
540 1300 640 1337 inter
668 1300 917 1337 consedimus
946 1301 1102 1337 ulmos?

152 1356 236 1392 Mo.
274 1356 337 1391 Tu
365 1352 489 1391 maior
505 1368 515 1400 3
553 1353 623 1391 tibi
651 1365 713 1390 me
742 1361 800 1390 est
829 1366 996 1401 aequom
1026 1366 1171 1402 parere,
1206 1355 1399 1399 Menalca,

105 1408 195 1446 Sive
226 1409 299 1445 sub
330 1406 495 1444 incertas
525 1406 707 1455 Zephyris
737 1406 1006 1444 montantibus
1035 1407 1200 1452 umbras,
1396 1419 1414 1456 5

98 1461 185 1500 Sive
215 1469 327 1498 antro
356 1459 487 1508 potius
517 1459 776 1499 succedimus.
832 1459 986 1508 Aspice,
1018 1466 1060 1509 ut
1089 1467 1240 1497 antrum

99 1513 289 1552 Silvestris
318 1512 412 1550 raris
441 1512 579 1562 sparsit
607 1513 782 1550 labrusca
810 1512 985 1550 racemis.

154 1568 232 1604 Me.
261 1566 466 1603 Montibus
495 1566 535 1602 in
565 1566 705 1603 nostris
734 1566 838 1603 solus
868 1565 936 1603 tibi
965 1572 1086 1603 certat
1112 1566 1315 1615 Amyntas.

152 1622 237 1658 Mo.
270 1619 387 1667 Quid,
419 1619 450 1656 si
478 1618 584 1656 idem
614 1625 735 1656 certet
766 1619 969 1656 Phoebum
999 1631 1182 1667 superare
1210 1619 1422 1657 canendo?

153 1675 234 1711 Me.
262 1673 412 1721 Incipe,
441 1673 591 1720 Mopse,
618 1671 731 1720 prior,
753 1671 785 1709 si
809 1684 907 1720 quos
931 1679 997 1709 aut
1024 1671 1211 1720 Phyllidis
1237 1671 1345 1721 ignes
1374 1686 1421 1709 10

101 1729 181 1764 Aut
211 1725 372 1764 Alconis
402 1725 522 1762 habes
551 1726 685 1762 laudes
713 1731 781 1762 aut
809 1724 932 1773 iurgia
961 1725 1093 1763 Codri.

102 1780 237 1828 Incipe
251 1791 262 1825 3
298 1786 502 1828 pascentes
531 1778 698 1815 servabit
726 1778 881 1827 Tityrus
910 1778 1068 1815 haedos.

154 1834 236 1870 Mo.
271 1833 400 1869 Immo
429 1832 536 1878 haec,
568 1831 608 1867 in
635 1830 746 1869 viridi
780 1843 903 1879 nuper
935 1843 1035 1879 quae
1065 1830 1207 1868 cortice
1241 1831 1314 1880 fagi

103 1885 288 1924 Carmina
314 1883 501 1932 descripsi
532 1890 570 1921 et
598 1884 806 1921 modulans
835 1884 982 1922 alterna
1010 1883 1154 1929 notavi,

102 1938 302 1988 Experiar.
359 1939 421 1974 Tu
450 1937 594 1974 deinde
624 1937 756 1974 iubeto
786 1943 828 1974 ut
856 1945 977 1974 certet
1004 1938 1205 1985 Amyntas.
1377 1948 1419 1986 15

155 1992 236 2029 Me.
269 1992 393 2028 Lenta
422 1990 517 2027 salix
547 1997 736 2038 quantum
766 1989 926 2038 pallenti
952 1990 1056 2027 cedit
1088 1990 1225 2035 olivae,

104 2043 284 2083 Puniceis
313 2042 468 2081 humilis
496 2050 684 2090 quantum
715 2043 887 2079 saliunca
915 2042 1061 2088 rosetis,

103 2097 255 2136 Iudicio
283 2103 416 2133 nostro
444 2103 595 2134 tantum
625 2095 693 2133 tibi
722 2095 825 2133 cedit
852 2097 1054 2144 Amyntas.

103 2152 181 2190 Sed
209 2158 251 2188 tu
281 2149 416 2187 desine
444 2150 564 2198 plura,
595 2161 714 2197 puer3
752 2148 1011 2186 successimus
1038 2154 1160 2185 antro.

156 2204 241 2240 Mo.
274 2202 498 2239 Extinctum
528 2202 733 2250 Nymphae
764 2200 911 2238 crudeli
938 2201 1071 2238 funere
1102 2200 1301 2248 Daphnim
1377 2214 1425 2237 20

105 2257 271 2295 Flebant
303 2258 387 2306 (vos
415 2255 534 2303 coryli
565 2263 680 2292 testes
709 2262 747 2291 et
777 2253 938 2290 flumina
968 2254 1178 2303 Nymphis)
