1611 2509
463 60 778 99 BUCOLJCA.
835 59 961 96 ECL.
1004 58 1121 95 VJJJ.
1408 70 1454 108 37

608 171 830 209 ECLOGA
860 171 975 208 VIII.

128 263 353 300 PASTORUM
385 273 537 298 musam
568 259 762 298 Damonis
792 267 830 298 et
857 259 1125 309 Alphesiboei,

127 317 344 353 Immemor
374 314 582 352 herbarum
612 327 710 363 quos
741 321 798 352 est
827 313 964 351 mirata
993 313 1159 351 iuvenca

128 370 344 415 Certantes,
373 380 541 417 quorum
570 369 812 417 stupefactae
841 367 1014 405 carmine
1043 367 1188 416 lynces,

128 423 177 460 Et
207 429 357 459 mutata
387 434 479 459 suos
507 422 732 471 requierunt
762 421 924 458 flumina
952 433 1098 466 cursus,

127 474 321 514 Damonis
350 487 503 513 musam
533 475 711 514 dicemus
741 483 780 513 et
808 474 1077 524 Alphesiboei.
1430 487 1450 525 5

180 530 243 566 Tu
272 528 378 574 mihi,
409 541 479 566 seu
508 529 638 578 magni
667 541 825 578 superas
856 528 934 566 iam
964 541 1057 566 saxa
1085 527 1252 576 Timavi,

125 582 214 621 Sive
243 595 351 620 oram
382 582 526 632 Illyrici
557 583 652 631 legis
681 581 982 631 aequoris‚—en
1013 580 1083 620 erit
1114 594 1289 631 unquam

128 637 200 674 Ille
229 636 324 682 dies,
356 636 451 673 mihi
480 649 570 674 cum
600 636 715 674 liceat
744 644 812 674 tua
839 635 969 674 dicere
997 636 1128 672 facta?

130 691 189 727 En
218 689 289 728 erit
318 697 360 726 ut
388 690 504 728 liceat
534 698 661 728 totum
690 689 786 727 mihi
815 690 912 728 ferre
941 702 1010 738 per
1038 689 1175 727 orbem

126 744 216 781 Sola
245 743 468 802 Sophocleo
497 751 563 781 tua
591 743 764 781 carmina
793 743 910 793 digna
937 743 1159 781 cothurno?
1408 758 1453 781 10

126 799 160 833 A
192 804 230 835 te
259 797 508 846 principium,
538 796 607 835 tibi
636 797 799 835 desinet.
858 796 1009 856 Accipe
1038 795 1151 834 iussis

127 850 311 889 Carmina
339 858 480 909 coepta
509 850 597 896 tuis,
626 858 744 900 atque
773 852 875 888 hanc
903 850 986 888 sine
1016 858 1192 899 tempora
1222 849 1366 888 circum

128 905 235 942 Inter
264 904 439 942 victrices
470 905 654 942 hederam
685 904 754 942 tibi
783 917 936 953 serpere
957 905 1095 941 laurus.

180 957 337 1007 Frigida
364 958 428 995 vix
454 959 565 996 caelo
594 958 721 997 noctis
750 958 970 996 decesserat
1000 958 1149 1004 umbra,

126 1012 228 1050 Cum
255 1024 318 1049 ros
347 1010 387 1048 in
416 1018 548 1049 tenera
577 1011 710 1060 pecori
737 1011 975 1061 gratissimus
1004 1011 1147 1049 herba:
1408 1024 1449 1062 ¹5

128 1066 366 1103 Incumbens
395 1065 506 1103 tereti
536 1067 695 1103 Damon
725 1065 780 1103 sic
809 1064 941 1114 coepit
970 1064 1106 1102 olivae.

178 1119 232 1155 l).
268 1122 276 1138 ‘
292 1120 474 1164 Nascere,
497 1132 669 1168 praeque
695 1118 798 1157 diem
820 1118 979 1156 veniens
1000 1131 1081 1167 age,
1104 1118 1269 1165 Lucifer,
1292 1120 1449 1165 almum,

127 1171 315 1221 Coniugis
344 1172 509 1222 indigno
540 1175 671 1222 Nysae
700 1173 889 1221 deceptus
917 1185 1050 1210 amore

127 1226 232 1262 Dum
262 1239 414 1274 queror,
445 1234 483 1264 et
512 1226 633 1274 divos,
667 1239 905 1275 quamquam
935 1225 988 1263 nil
1017 1224 1179 1264 testibus
1207 1225 1280 1263 illis

126 1279 289 1326 Profeci,
320 1287 494 1317 extrema
521 1280 691 1318 moriens
722 1289 853 1318 tamen
882 1280 1072 1329 adloquar
1100 1280 1204 1318 hora.
1403 1295 1449 1317 20

179 1332 316 1382 Incipe
347 1333 567 1371 Maenalios
596 1347 763 1380 mecum,
791 1346 880 1372 mea
908 1333 1012 1380 tibia,
1039 1346 1184 1372 versus.

127 1388 332 1425 Maenalus
360 1394 616 1436 argutumque
646 1400 783 1426 nemus
811 1387 1005 1437 pinosque
1032 1387 1238 1436 loquentes

125 1441 286 1489 Semper
314 1441 458 1488 habet;
496 1454 650 1490 semper
680 1450 880 1490 pastorum
910 1441 974 1479 ille
1002 1441 1111 1479 audit
1139 1454 1291 1479 amores

126 1494 322 1543 Panaque,
353 1494 420 1543 qui
449 1494 597 1544 primus
625 1496 797 1533 calamos
826 1507 906 1532 non
936 1507 1071 1544 passus
1100 1494 1252 1533 inertes.

178 1547 315 1597 Incipe
346 1547 566 1586 Maenalios
595 1562 762 1594 mecum,
790 1561 880 1586 mea
908 1548 1014 1595 tibia,
1041 1561 1183 1586 versus.
1402 1562 1446 1599 25

126 1602 270 1650 Mopso
301 1602 409 1651 Nysa
436 1603 572 1641 datur:
611 1602 707 1651 quid
736 1615 816 1640 non
847 1615 1045 1651 speremus
1074 1603 1281 1640 amantes?

125 1656 342 1704 Iungentur
370 1655 448 1693 iam
477 1655 643 1705 gryphes
673 1656 793 1705 equis,
825 1667 1001 1703 aevoque
1031 1655 1210 1704 sequenti

125 1708 226 1746 Cum
256 1708 417 1746 canibus
447 1708 572 1747 timidi
599 1709 759 1748 venient
787 1710 836 1747 ad
867 1710 1008 1758 pocula
1037 1710 1229 1747 dammae.

178 1761 314 1811 Incipe
346 1762 565 1801 Maenalios
593 1776 760 1810 mecum,
791 1776 879 1801 mea
907 1762 1011 1809 tibia,
1039 1776 1184 1802 versus.

126 1816 279 1864 Mopse,
309 1828 431 1854 novas
459 1815 590 1854 incide
618 1818 747 1855 faces:
785 1816 856 1855 tibi
885 1816 1040 1855 ducitur
1067 1830 1185 1864 uxor3
1400 1831 1449 1866 30

123 1869 277 1918 Sparge,
308 1869 454 1916 marite,
486 1883 605 1908 nuces
620 1884 630 1917 3
669 1870 737 1908 tibi
768 1870 910 1909 deserit
939 1872 1142 1920 Hesperus
1172 1871 1313 1909 Oetam

178 1922 315 1972 Incipe
345 1923 565 1962 Maenalios
592 1937 759 1970 mecum,
787 1936 877 1962 mea
904 1923 1011 1971 tibia,
1040 1936 1182 1971 versus.

124 1976 160 2015 O
191 1975 310 2026 digno
338 1976 550 2015 coniuncta
577 1977 671 2025 viro,
703 1978 796 2015 dum
826 1977 993 2026 despicis
1022 1990 1170 2023 omnes,

125 2031 312 2079 Dumque
340 2030 411 2069 tibi
440 2038 498 2069 est
527 2030 619 2069 odio
645 2044 734 2069 mea
762 2031 890 2069 fistula
919 2031 1091 2080 dumque
1118 2031 1290 2080 capellae

125 2082 411 2133 Hirsutumque
441 2084 687 2133 supercilium
718 2085 986 2134 promissaque
1014 2084 1145 2131 barba,
1400 2097 1444 2135 35

124 2137 210 2174 Nec
239 2150 371 2175 curare
400 2138 518 2176 deum
546 2138 672 2175 credis
700 2138 879 2176 mortalia
907 2151 1157 2187 quemquam.

177 2188 313 2239 Incipe
345 2190 564 2229 Maenalios
593 2204 761 2238 mecum,
790 2204 878 2229 mea
906 2191 1011 2238 tibia,
1039 2204 1180 2231 versus,

123 2242 290 2293 Sepibus
319 2243 359 2282 in
388 2244 529 2282 nostris
560 2257 718 2293 parvam
748 2252 786 2282 te
815 2244 967 2283 roscida
997 2246 1099 2282 mala
