1611 2509
477 90 790 131 BUCOLJCA.
850 90 972 127 ECL.
1016 90 1103 127 VJL
1408 100 1455 139 35

617 382 837 419 ECLOGA
877 382 974 419 VII.

399 511 442 547 M
449 520 657 548 ELIBOEUS.
718 509 935 548 CORYDON.
994 510 1188 547 THYRSIS.

184 624 245 660 M.
278 624 420 661 FORTE
449 624 521 661 sub
551 631 685 672 arguta
714 624 946 661 consederat
976 624 1064 662 ilice
1094 623 1285 673 Daphnis,

132 677 494 726 Compulerantque
521 689 654 726 greges
684 677 871 725 Corydon
902 684 940 715 et
966 677 1125 727 Thyrsis
1150 678 1189 714 in
1217 690 1348 724 unum,

130 729 290 779 Thyrsis
319 742 423 777 oveS,
455 730 641 779 Corydon
672 729 861 769 distentas
892 732 991 768 lacte
1020 732 1201 780 capellas,

130 783 263 821 Ambo
293 784 473 821 florentes
502 784 705 830 aetatibus,
738 785 910 822 Arcades
940 785 1070 830 ambo,

133 838 183 874 Et
211 845 368 874 cantare
397 849 509 886 pares
539 845 576 875 et
604 838 843 886 respondere
873 838 1009 886 parati.
1431 851 1449 888 5

134 891 226 928 Huc
254 889 358 938 mihi,
391 890 484 928 dum
515 897 667 928 teneras
696 891 867 928 defendo
897 904 920 928 a
949 890 1086 940 frigore
1116 898 1273 940 myrtos,

131 942 200 980 Vir
227 943 352 992 gregis
380 943 463 992 ipse
493 957 607 993 caper
635 945 887 990 deerraverat,
915 951 1034 993 atque
1063 957 1136 993 ego
1169 944 1367 994 Daphnim

97 991 111 1002 ⁹
132 996 303 1046 Aspicio.
363 998 434 1035 Ille
464 996 529 1035 ubi
558 1010 621 1035 me
649 1005 784 1035 contra
813 997 930 1045 videt,
964 997 1128 1036 ‘Ocius'
1156 998 1285 1046 inquit

134 1052 252 1088 ‘Huc
280 1051 386 1096 ades,
417 1063 442 1088 o
473 1051 694 1098 Meliboee;
732 1064 849 1100 caper
878 1051 948 1089 tibi
979 1053 1107 1089 salvus
1136 1059 1174 1089 et
1204 1051 1345 1099 haedi3

135 1105 216 1149 ‘Et‚
247 1103 277 1141 si
306 1104 401 1152 quid
429 1117 578 1142 cessare
608 1112 730 1153 potes,
760 1105 961 1154 requiesce
989 1106 1062 1143 sub
1091 1106 1239 1143 umbra.
1410 1120 1454 1142 10

135 1158 249 1194 ‘Huc
278 1157 352 1206 ipsi
380 1165 518 1206 potum
545 1157 702 1196 venient
728 1171 797 1207 per
824 1166 933 1207 prata
962 1157 1140 1205 iuvenci;

134 1210 237 1248 ‘Hic
266 1210 407 1249 virides
437 1219 570 1249 tenera
599 1212 787 1261 praetexit
815 1211 1004 1250 arundine
1033 1212 1134 1262 ripas

134 1267 142 1283 ‘
159 1263 342 1311 Mincius,
374 1277 473 1314 eque
502 1277 609 1302 sacra
636 1273 821 1303 resonant
852 1267 1030 1304 examina
1058 1267 1228 1313 quercu.‘

133 1318 239 1366 Quid
265 1319 461 1356 facerem?
495 1331 623 1367 neque
642 1331 715 1368 ego
736 1318 927 1368 Alcippen
948 1333 1021 1357 nec
1048 1319 1225 1369 Phyllida
1250 1320 1456 1367 habebam,

134 1372 333 1421 Depulsos
361 1386 384 1409 a
412 1373 511 1410 lacte
540 1372 649 1409 domi
678 1385 778 1421 quae
808 1374 1006 1411 clauderet
1035 1385 1169 1423 agnos,
1412 1385 1454 1422 15

134 1426 184 1462 Et
214 1432 411 1464 certamen
441 1433 533 1472 erat,
568 1426 753 1475 Corydon
785 1439 875 1464 curn
904 1427 1108 1477 Thyrside,
1143 1440 1342 1477 magnum.

133 1478 348 1516 Posthabui
378 1486 512 1517 tamen
542 1479 698 1517 illorum
729 1493 817 1518 mea
846 1481 945 1518 seria
977 1482 1083 1519 ludo.

132 1532 301 1570 Alternis
331 1531 444 1581 igitur
474 1534 715 1571 contendere
743 1533 918 1572 versibus
947 1536 1066 1572 ambo

133 1586 334 1634 Coepere;
371 1587 540 1624 alternos
571 1587 711 1625 Musae
740 1587 963 1626 meminisse
994 1589 1188 1626 volebant.

134 1640 223 1676 Hos
253 1639 451 1688 Corydon,
479 1639 565 1677 illos
594 1641 783 1678 referebat
813 1641 852 1678 in
882 1641 1018 1680 ordine
1047 1642 1217 1691 Thyrsis.
1410 1655 1458 1678 20

192 1692 234 1729 C.
265 1693 485 1742 Nymphae,
507 1700 639 1731 noster
658 1706 777 1740 amor,
802 1694 1058 1741 Libethrides,
1080 1703 1146 1734 aut
1166 1695 1274 1742 mihi,
1298 1708 1457 1733 carmen

134 1745 262 1792 Quale
291 1758 381 1784 meo
408 1747 541 1785 Codro
568 1747 798 1795 concedite3
836 1748 1011 1797 proxima
1040 1749 1193 1787 Phoebi

132 1798 319 1837 Versibus
348 1799 413 1838 ille
441 1800 557 1847 facit3
595 1808 671 1846 aut,
703 1800 734 1838 si
763 1813 844 1839 non
873 1814 1083 1851 possumus
1112 1815 1262 1849 omnes,

134 1851 215 1889 Hic
243 1859 378 1901 arguta
406 1866 516 1891 sacra
544 1853 733 1903 pendebit
762 1855 891 1893 fistula
918 1854 1026 1905 pinu.

190 1907 232 1943 23
264 1907 455 1953 Pastores,
487 1908 632 1946 hedera
662 1915 902 1947 crescentem
931 1917 1068 1948 ornate
1097 1918 1266 1959 poetam,
1410 1921 1456 1958 25

133 1959 315 2006 Arcades,
346 1959 492 1998 invidia
520 1968 748 2010 rumpantur
774 1969 816 1999 ut
844 1961 909 2000 ilia
938 1963 1072 2001 Codro
1086 1976 1097 2010 3

132 2014 224 2059 Aut,
255 2012 287 2050 si
314 2014 413 2051 ultra
441 2013 630 2063 placitum
659 2015 834 2062 laudarit,
866 2016 1028 2054 baccare
1056 2017 1224 2055 frontem

133 2065 301 2115 Cingite,
332 2079 382 2104 ne
410 2067 488 2105 vati
516 2075 658 2106 noceat
686 2069 790 2106 mala
821 2068 950 2118 lingua
979 2071 1119 2107 futuro.

190 2120 231 2157 C.
264 2119 415 2158 Saetosi
443 2128 560 2170 caput
587 2121 663 2159 1100
691 2121 773 2170 apri
803 2122 885 2168 tibi,
917 2123 1041 2169 Delia,
1069 2136 1209 2173 parvos

133 2172 185 2209 Et
212 2184 366 2210 ramosa
395 2175 531 2212 Micon
560 2173 704 2212 vivacis
732 2187 879 2213 cornua
906 2175 1019 2214 cervi.
1408 2190 1457 2225 30

132 2223 171 2262 Si
201 2225 399 2274 proprium
431 2227 505 2264 1100
533 2227 656 2272 fuerit,
686 2227 760 2265 levi
790 2229 840 2266 de
869 2241 1062 2268 marmore
1090 2237 1172 2267 tota

134 2277 307 2316 Puniceo
335 2279 457 2317 stabis
486 2292 594 2318 suras
623 2280 777 2318 evincta
805 2282 1009 2319 cothurno.
