<?xml version="1.0" encoding="UTF-8"?>
<!DOCTYPE html PUBLIC "-//W3C//DTD XHTML 1.0 Transitional//EN"
    "http://www.w3.org/TR/xhtml1/DTD/xhtml1-transitional.dtd">
<html xmlns="http://www.w3.org/1999/xhtml" xml:lang="en" lang="en">
 <head>
  <title>
</title>
<meta http-equiv="Content-Type" content="text/html;charset=utf-8" />
  <meta name='ocr-system' content='tesseract 3.04.00' />
  <meta name='ocr-capabilities' content='ocr_page ocr_carea ocr_par ocr_line ocrx_word'/>
</head>
<body>
  <div class='ocr_page' id='page_1' title='image "./bucolicaeditedwi00virguoft/bucolicaeditedwi00virguoft_0044.png"; bbox 0 0 1591 2479; ppageno 0'>
   <div class='ocr_carea' id='block_1_1' title="bbox 10 910 46 949">
    <p class='ocr_par' dir='ltr' id='par_1_1' title="bbox 10 910 46 949">
     <span class='ocr_line' id='line_1_1' title="bbox 24 910 46 928; baseline 0 -9"><span class='ocrx_word' id='word_1_1' title='bbox 24 910 46 928; x_wconf 57' lang='lat'>,-</span> 
     </span>
     <span class='ocr_line' id='line_1_2' title="bbox 10 932 25 949; baseline 0 -10"><span class='ocrx_word' id='word_1_2' title='bbox 10 932 25 949; x_wconf 57' lang='lat' dir='ltr'>*x</span> 
     </span>
    </p>
   </div>
   <div class='ocr_carea' id='block_1_2' title="bbox 4 1826 50 1857">
    <p class='ocr_par' dir='ltr' id='par_1_2' title="bbox 4 1826 50 1857">
     <span class='ocr_line' id='line_1_3' title="bbox 4 1826 50 1857; baseline 0 0"><span class='ocrx_word' id='word_1_3' title='bbox 4 1826 50 1857; x_wconf 43' lang='lat' dir='ltr'>II(</span> 
     </span>
    </p>
   </div>
   <div class='ocr_carea' id='block_1_3' title="bbox 129 1585 1088 1635">
    <p class='ocr_par' dir='ltr' id='par_1_3' title="bbox 129 1585 1088 1635">
     <span class='ocr_line' id='line_1_4' title="bbox 129 1585 1088 1635; baseline -0.004 -8"><span class='ocrx_word' id='word_1_4' title='bbox 129 1590 342 1627; x_wconf 82' lang='lat' dir='ltr'>Cantantes</span> <span class='ocrx_word' id='word_1_5' title='bbox 372 1586 538 1624; x_wconf 91' lang='lat' dir='ltr'>sublime</span> <span class='ocrx_word' id='word_1_6' title='bbox 566 1587 689 1624; x_wconf 82' lang='lat' dir='ltr'>serent</span> <span class='ocrx_word' id='word_1_7' title='bbox 719 1587 770 1624; x_wconf 85' lang='lat' dir='ltr'>ad</span> <span class='ocrx_word' id='word_1_8' title='bbox 799 1585 926 1624; x_wconf 90' lang='lat' dir='ltr'>sidera</span> <span class='ocrx_word' id='word_1_9' title='bbox 953 1585 1088 1635; x_wconf 63' lang='lat' dir='ltr'>cycni!</span> 
     </span>
    </p>
   </div>
   <div class='ocr_carea' id='block_1_4' title="bbox 120 99 1107 147">
    <p class='ocr_par' dir='ltr' id='par_1_4' title="bbox 120 99 1107 147">
     <span class='ocr_line' id='line_1_5' title="bbox 120 99 1107 147; baseline -0.002 -10"><span class='ocrx_word' id='word_1_10' title='bbox 120 113 170 147; x_wconf 85' lang='lat'>40</span> <span class='ocrx_word' id='word_1_11' title='bbox 451 100 499 137; x_wconf 72' lang='lat' dir='ltr'>P.</span> <span class='ocrx_word' id='word_1_12' title='bbox 548 99 798 137; x_wconf 79' lang='lat' dir='ltr'><em>VERGJLJ</em></span> <span class='ocrx_word' id='word_1_13' title='bbox 828 99 1107 137; x_wconf 80' lang='lat' dir='ltr'>MARONJS</span> 
     </span>
    </p>
   </div>
   <div class='ocr_carea' id='block_1_5' title="bbox 121 199 1473 1262">
    <p class='ocr_par' dir='ltr' id='par_1_5' title="bbox 121 199 1473 1262">
     <span class='ocr_line' id='line_1_6' title="bbox 122 199 1245 258; baseline -0.004 -17"><span class='ocrx_word' id='word_1_14' title='bbox 122 203 257 254; x_wconf 88' lang='lat' dir='ltr'>(Quod</span> <span class='ocrx_word' id='word_1_15' title='bbox 286 215 485 250; x_wconf 85' lang='lat' dir='ltr'>nunquam</span> <span class='ocrx_word' id='word_1_16' title='bbox 515 201 624 239; x_wconf 90' lang='lat' dir='ltr'>veriti</span> <span class='ocrx_word' id='word_1_17' title='bbox 652 201 802 249; x_wconf 89' lang='lat' dir='ltr'>sumus)</span> <span class='ocrx_word' id='word_1_18' title='bbox 834 207 876 238; x_wconf 89' lang='lat' dir='ltr'>ut</span> <span class='ocrx_word' id='word_1_19' title='bbox 904 212 1106 258; x_wconf 80' lang='lat' dir='ltr'>possessor</span> <span class='ocrx_word' id='word_1_20' title='bbox 1133 199 1245 248; x_wconf 61' lang='lat' dir='ltr'>agelli</span> 
     </span>
     <span class='ocr_line' id='line_1_7' title="bbox 121 252 1248 302; baseline -0.004 -8"><span class='ocrx_word' id='word_1_21' title='bbox 121 257 278 294; x_wconf 84' lang='lat' dir='ltr'>Diceret</span> <span class='ocrx_word' id='word_1_22' title='bbox 309 256 427 292; x_wconf 88' lang='lat' dir='ltr'>‘haec</span> <span class='ocrx_word' id='word_1_23' title='bbox 456 266 544 291; x_wconf 82' lang='lat' dir='ltr'>mea</span> <span class='ocrx_word' id='word_1_24' title='bbox 572 261 688 300; x_wconf 90' lang='lat' dir='ltr'>sunt3</span> <span class='ocrx_word' id='word_1_25' title='bbox 725 262 874 292; x_wconf 85' lang='lat' dir='ltr'>veteres</span> <span class='ocrx_word' id='word_1_26' title='bbox 903 254 1065 302; x_wconf 86' lang='lat' dir='ltr'>migrate</span> <span class='ocrx_word' id='word_1_27' title='bbox 1092 252 1248 291; x_wconf 66' lang='lat' dir='ltr'>coloni!</span> 
     </span>
     <span class='ocr_line' id='line_1_8' title="bbox 121 305 1437 356; baseline -0.003 -10"><span class='ocrx_word' id='word_1_28' title='bbox 121 311 240 347; x_wconf 91' lang='lat' dir='ltr'>Nunc</span> <span class='ocrx_word' id='word_1_29' title='bbox 267 307 359 345; x_wconf 90' lang='lat' dir='ltr'>victi</span> <span class='ocrx_word' id='word_1_30' title='bbox 387 306 526 354; x_wconf 84' lang='lat' dir='ltr'><strong>tristes,</strong></span> <span class='ocrx_word' id='word_1_31' title='bbox 557 306 741 356; x_wconf 90' lang='lat' dir='ltr'>quoniam</span> <span class='ocrx_word' id='word_1_32' title='bbox 775 308 871 344; x_wconf 92' lang='lat' dir='ltr'>Fors</span> <span class='ocrx_word' id='word_1_33' title='bbox 899 305 1032 344; x_wconf 88' lang='lat' dir='ltr'>omnia</span> <span class='ocrx_word' id='word_1_34' title='bbox 1058 312 1196 351; x_wconf 89' lang='lat' dir='ltr'>versat,</span> <span class='ocrx_word' id='word_1_35' title='bbox 1417 317 1437 356; x_wconf 90' lang='lat'>5</span> 
     </span>
     <span class='ocr_line' id='line_1_9' title="bbox 121 358 1258 411; baseline -0.003 -11"><span class='ocrx_word' id='word_1_36' title='bbox 121 364 210 400; x_wconf 86' lang='lat' dir='ltr'>Hos</span> <span class='ocrx_word' id='word_1_37' title='bbox 238 361 292 399; x_wconf 91' lang='lat' dir='ltr'>illi</span> <span class='ocrx_word' id='word_1_38' title='bbox 323 360 447 411; x_wconf 90' lang='lat' dir='ltr'>(quod</span> <span class='ocrx_word' id='word_1_39' title='bbox 475 373 549 398; x_wconf 91' lang='lat' dir='ltr'>nec</span> <span class='ocrx_word' id='word_1_40' title='bbox 578 366 701 398; x_wconf 88' lang='lat' dir='ltr'>vertat</span> <span class='ocrx_word' id='word_1_41' title='bbox 731 358 849 409; x_wconf 90' lang='lat' dir='ltr'>bene)</span> <span class='ocrx_word' id='word_1_42' title='bbox 879 358 1067 397; x_wconf 82' lang='lat' dir='ltr'>mittimus</span> <span class='ocrx_word' id='word_1_43' title='bbox 1100 359 1258 397; x_wconf 85' lang='lat' dir='ltr'>haedos.</span> 
     </span>
     <span class='ocr_line' id='line_1_10' title="bbox 172 412 1388 462; baseline -0.002 -9"><span class='ocrx_word' id='word_1_44' title='bbox 172 417 219 453; x_wconf 84' lang='lat' dir='ltr'>L.</span> <span class='ocrx_word' id='word_1_45' title='bbox 255 415 371 453; x_wconf 81' lang='lat' dir='ltr'><strong>Certe</strong></span> <span class='ocrx_word' id='word_1_46' title='bbox 399 413 583 461; x_wconf 85' lang='lat' dir='ltr'>equidem</span> <span class='ocrx_word' id='word_1_47' title='bbox 609 412 820 459; x_wconf 85' lang='lat' dir='ltr'>audieram,</span> <span class='ocrx_word' id='word_1_48' title='bbox 849 425 926 462; x_wconf 86' lang='lat' dir='ltr'>qua</span> <span class='ocrx_word' id='word_1_49' title='bbox 954 425 995 451; x_wconf 89' lang='lat' dir='ltr'>se</span> <span class='ocrx_word' id='word_1_50' title='bbox 1023 413 1241 451; x_wconf 85' lang='lat' dir='ltr'>subducere</span> <span class='ocrx_word' id='word_1_51' title='bbox 1270 413 1388 450; x_wconf 85' lang='lat' dir='ltr'>colles</span> 
     </span>
     <span class='ocr_line' id='line_1_11' title="bbox 124 465 1076 517; baseline -0.004 -11"><span class='ocrx_word' id='word_1_52' title='bbox 124 467 323 517; x_wconf 81' lang='lat' dir='ltr'>Incipiunt</span> <span class='ocrx_word' id='word_1_53' title='bbox 353 467 538 516; x_wconf 82' lang='lat' dir='ltr'>mollique</span> <span class='ocrx_word' id='word_1_54' title='bbox 569 466 699 515; x_wconf 88' lang='lat' dir='ltr'>iugum</span> <span class='ocrx_word' id='word_1_55' title='bbox 730 466 935 504; x_wconf 86' lang='lat' dir='ltr'>demittere</span> <span class='ocrx_word' id='word_1_56' title='bbox 965 465 1076 512; x_wconf 57' lang='lat' dir='ltr'>elixo,</span> 
     </span>
     <span class='ocr_line' id='line_1_12' title="bbox 122 518 1378 570; baseline -0.003 -10"><span class='ocrx_word' id='word_1_57' title='bbox 122 523 258 570; x_wconf 90' lang='lat' dir='ltr'>Usque</span> <span class='ocrx_word' id='word_1_58' title='bbox 289 521 340 558; x_wconf 92' lang='lat' dir='ltr'>ad</span> <span class='ocrx_word' id='word_1_59' title='bbox 368 532 512 569; x_wconf 88' lang='lat' dir='ltr'>aquarn</span> <span class='ocrx_word' id='word_1_60' title='bbox 541 527 579 557; x_wconf 85' lang='lat' dir='ltr'>et</span> <span class='ocrx_word' id='word_1_61' title='bbox 607 527 756 558; x_wconf 88' lang='lat' dir='ltr'>veteres</span> <span class='ocrx_word' id='word_1_62' title='bbox 785 519 862 556; x_wconf 85' lang='lat' dir='ltr'>iam</span> <span class='ocrx_word' id='word_1_63' title='bbox 891 520 1010 557; x_wconf 86' lang='lat' dir='ltr'>fracta</span> <span class='ocrx_word' id='word_1_64' title='bbox 1038 518 1243 556; x_wconf 88' lang='lat' dir='ltr'>cacumina</span> <span class='ocrx_word' id='word_1_65' title='bbox 1270 519 1378 568; x_wconf 82' lang='lat' dir='ltr'>sagos</span> 
     </span>
     <span class='ocr_line' id='line_1_13' title="bbox 122 572 1442 614; baseline -0.004 -1"><span class='ocrx_word' id='word_1_66' title='bbox 122 573 267 614; x_wconf 90' lang='lat' dir='ltr'>Omnia</span> <span class='ocrx_word' id='word_1_67' title='bbox 295 572 531 611; x_wconf 84' lang='lat' dir='ltr'>carminibus</span> <span class='ocrx_word' id='word_1_68' title='bbox 559 580 727 611; x_wconf 85' lang='lat' dir='ltr'>vestrum</span> <span class='ocrx_word' id='word_1_69' title='bbox 755 585 925 611; x_wconf 88' lang='lat' dir='ltr'>servasse</span> <span class='ocrx_word' id='word_1_70' title='bbox 957 573 1174 610; x_wconf 83' lang='lat' dir='ltr'>Menalcan.</span> <span class='ocrx_word' id='word_1_71' title='bbox 1397 585 1442 609; x_wconf 90' lang='lat'>10</span> 
     </span>
     <span class='ocr_line' id='line_1_14' title="bbox 175 625 1300 672; baseline -0.003 -7"><span class='ocrx_word' id='word_1_72' title='bbox 175 629 235 665; x_wconf 78' lang='lat' dir='ltr'>M</span> <span class='ocrx_word' id='word_1_73' title='bbox 269 625 482 665; x_wconf 85' lang='lat' dir='ltr'>Audieras:</span> <span class='ocrx_word' id='word_1_74' title='bbox 520 632 559 664; x_wconf 93' lang='lat' dir='ltr'>et</span> <span class='ocrx_word' id='word_1_75' title='bbox 587 627 691 663; x_wconf 85' lang='lat' dir='ltr'>fama</span> <span class='ocrx_word' id='word_1_76' title='bbox 716 625 810 672; x_wconf 89' lang='lat' dir='ltr'>fuit3</span> <span class='ocrx_word' id='word_1_77' title='bbox 849 626 918 663; x_wconf 91' lang='lat' dir='ltr'>sed</span> <span class='ocrx_word' id='word_1_78' title='bbox 949 625 1121 663; x_wconf 89' lang='lat' dir='ltr'>carmina</span> <span class='ocrx_word' id='word_1_79' title='bbox 1148 632 1300 663; x_wconf 88' lang='lat' dir='ltr'>tantum</span> 
     </span>
     <span class='ocr_line' id='line_1_15' title="bbox 123 678 1267 729; baseline -0.003 -10"><span class='ocrx_word' id='word_1_80' title='bbox 123 682 266 719; x_wconf 89' lang='lat' dir='ltr'>Nostra</span> <span class='ocrx_word' id='word_1_81' title='bbox 294 681 435 726; x_wconf 88' lang='lat' dir='ltr'>valent,</span> <span class='ocrx_word' id='word_1_82' title='bbox 467 679 624 729; x_wconf 87' lang='lat' dir='ltr'>Lycida,</span> <span class='ocrx_word' id='word_1_83' title='bbox 659 680 736 717; x_wconf 86' lang='lat' dir='ltr'>tela</span> <span class='ocrx_word' id='word_1_84' title='bbox 764 679 863 717; x_wconf 90' lang='lat' dir='ltr'>inter</span> <span class='ocrx_word' id='word_1_85' title='bbox 894 678 1046 725; x_wconf 88' lang='lat' dir='ltr'>Martia,</span> <span class='ocrx_word' id='word_1_86' title='bbox 1077 685 1267 728; x_wconf 85' lang='lat' dir='ltr'>quantum</span> 
     </span>
     <span class='ocr_line' id='line_1_16' title="bbox 123 719 1316 794; baseline -0.005 -21"><span class='ocrx_word' id='word_1_87' title='bbox 123 733 321 773; x_wconf 85' lang='lat' dir='ltr'>Chaonias</span> <span class='ocrx_word' id='word_1_88' title='bbox 351 732 485 772; x_wconf 91' lang='lat' dir='ltr'>dicunt</span> <span class='ocrx_word' id='word_1_89' title='bbox 514 732 644 781; x_wconf 85' lang='lat' dir='ltr'>aquila</span> <span class='ocrx_word' id='word_1_90' title='bbox 671 732 853 770; x_wconf 88' lang='lat' dir='ltr'>veniente</span> <span class='ocrx_word' id='word_1_91' title='bbox 882 732 1098 770; x_wconf 85' lang='lat' dir='ltr'>columbas.</span> <span class='ocrx_word' id='word_1_92' title='bbox 1200 719 1316 794; x_wconf 34' lang='lat' dir='ltr'>Uist&amp;</span> 
     </span>
     <span class='ocr_line' id='line_1_17' title="bbox 123 784 1181 837; baseline -0.001 -12"><span class='ocrx_word' id='word_1_93' title='bbox 123 788 242 837; x_wconf 85' lang='lat' dir='ltr'>Quod</span> <span class='ocrx_word' id='word_1_94' title='bbox 271 785 344 825; x_wconf 90' lang='lat' dir='ltr'>nisi</span> <span class='ocrx_word' id='word_1_95' title='bbox 371 799 435 824; x_wconf 91' lang='lat' dir='ltr'>me</span> <span class='ocrx_word' id='word_1_96' title='bbox 464 799 713 835; x_wconf 87' lang='lat' dir='ltr'>quacumque</span> <span class='ocrx_word' id='word_1_97' title='bbox 744 798 865 824; x_wconf 88' lang='lat' dir='ltr'>novas</span> <span class='ocrx_word' id='word_1_98' title='bbox 893 785 1064 824; x_wconf 89' lang='lat' dir='ltr'>incidere</span> <span class='ocrx_word' id='word_1_99' title='bbox 1094 784 1181 824; x_wconf 90' lang='lat' dir='ltr'>lites</span> 
     </span>
     <span class='ocr_line' id='line_1_18' title="bbox 122 834 1442 887; baseline -0.003 -8"><span class='ocrx_word' id='word_1_100' title='bbox 122 844 226 879; x_wconf 87' lang='lat' dir='ltr'>Ante</span> <span class='ocrx_word' id='word_1_101' title='bbox 254 839 407 878; x_wconf 89' lang='lat' dir='ltr'>sinistra</span> <span class='ocrx_word' id='word_1_102' title='bbox 434 853 528 877; x_wconf 87' lang='lat' dir='ltr'>cava</span> <span class='ocrx_word' id='word_1_103' title='bbox 560 839 775 877; x_wconf 81' lang='lat' dir='ltr'>monuisset</span> <span class='ocrx_word' id='word_1_104' title='bbox 803 840 853 877; x_wconf 92' lang='lat' dir='ltr'>ab</span> <span class='ocrx_word' id='word_1_105' title='bbox 882 838 968 877; x_wconf 89' lang='lat' dir='ltr'>ilice</span> <span class='ocrx_word' id='word_1_106' title='bbox 997 837 1142 884; x_wconf 88' lang='lat' dir='ltr'>cornix,</span> <span class='ocrx_word' id='word_1_107' title='bbox 1149 834 1264 874; x_wconf 55' lang='lat' dir='ltr'>Crob!</span> <span class='ocrx_word' id='word_1_108' title='bbox 1399 850 1442 887; x_wconf 84' lang='lat'>15</span> 
     </span>
     <span class='ocr_line' id='line_1_19' title="bbox 124 891 1222 941; baseline -0.003 -9"><span class='ocrx_word' id='word_1_109' title='bbox 124 896 211 933; x_wconf 86' lang='lat' dir='ltr'>Nec</span> <span class='ocrx_word' id='word_1_110' title='bbox 239 901 326 932; x_wconf 92' lang='lat' dir='ltr'>tuus</span> <span class='ocrx_word' id='word_1_111' title='bbox 353 892 417 930; x_wconf 89' lang='lat' dir='ltr'>hic</span> <span class='ocrx_word' id='word_1_112' title='bbox 448 892 593 931; x_wconf 89' lang='lat' dir='ltr'>Moeris</span> <span class='ocrx_word' id='word_1_113' title='bbox 623 906 696 931; x_wconf 86' lang='lat' dir='ltr'>nec</span> <span class='ocrx_word' id='word_1_114' title='bbox 723 892 868 930; x_wconf 85' lang='lat' dir='ltr'>viveret</span> <span class='ocrx_word' id='word_1_115' title='bbox 895 891 977 941; x_wconf 90' lang='lat' dir='ltr'>ipse</span> <span class='ocrx_word' id='word_1_116' title='bbox 1009 893 1222 930; x_wconf 83' lang='lat' dir='ltr'>Menalcas.</span> 
     </span>
     <span class='ocr_line' id='line_1_20' title="bbox 177 944 1473 996; baseline -0.003 -10"><span class='ocrx_word' id='word_1_117' title='bbox 177 949 224 986; x_wconf 88' lang='lat' dir='ltr'>L.</span> <span class='ocrx_word' id='word_1_118' title='bbox 245 949 350 994; x_wconf 87' lang='lat' dir='ltr'>Heu,</span> <span class='ocrx_word' id='word_1_119' title='bbox 368 946 473 985; x_wconf 59' lang='lat' dir='ltr'>cidit</span> <span class='ocrx_word' id='word_1_120' title='bbox 491 945 531 984; x_wconf 90' lang='lat' dir='ltr'>in</span> <span class='ocrx_word' id='word_1_121' title='bbox 551 959 787 996; x_wconf 88' lang='lat' dir='ltr'>quemquam</span> <span class='ocrx_word' id='word_1_122' title='bbox 804 952 953 983; x_wconf 88' lang='lat' dir='ltr'>tantum</span> <span class='ocrx_word' id='word_1_123' title='bbox 971 946 1123 984; x_wconf 87' lang='lat' dir='ltr'>scelus?</span> <span class='ocrx_word' id='word_1_124' title='bbox 1141 946 1231 992; x_wconf 87' lang='lat' dir='ltr'>heu,</span> <span class='ocrx_word' id='word_1_125' title='bbox 1248 953 1313 984; x_wconf 80' lang='lat' dir='ltr'>tua</span> <span class='ocrx_word' id='word_1_126' title='bbox 1334 944 1446 983; x_wconf 89' lang='lat' dir='ltr'>nobis</span> <span class='ocrx_word' id='word_1_127' title='bbox 1467 968 1473 972; x_wconf 85' lang='lat'><em>-</em></span> 
     </span>
     <span class='ocr_line' id='line_1_21' title="bbox 126 999 1119 1049; baseline -0.003 -10"><span class='ocrx_word' id='word_1_128' title='bbox 126 1004 254 1040; x_wconf 87' lang='lat' dir='ltr'>Paene</span> <span class='ocrx_word' id='word_1_129' title='bbox 286 1000 400 1038; x_wconf 90' lang='lat' dir='ltr'>simul</span> <span class='ocrx_word' id='word_1_130' title='bbox 429 1006 557 1037; x_wconf 88' lang='lat' dir='ltr'>tecum</span> <span class='ocrx_word' id='word_1_131' title='bbox 586 999 724 1048; x_wconf 81' lang='lat' dir='ltr'>solatia</span> <span class='ocrx_word' id='word_1_132' title='bbox 753 1006 873 1049; x_wconf 87' lang='lat' dir='ltr'>rapta,</span> <span class='ocrx_word' id='word_1_133' title='bbox 907 999 1119 1037; x_wconf 86' lang='lat' dir='ltr'>Menalca?</span> 
     </span>
     <span class='ocr_line' id='line_1_22' title="bbox 126 1045 1415 1110; baseline -0.003 -18"><span class='ocrx_word' id='word_1_134' title='bbox 126 1053 222 1103; x_wconf 90' lang='lat' dir='ltr'>Quis</span> <span class='ocrx_word' id='word_1_135' title='bbox 252 1061 411 1092; x_wconf 85' lang='lat' dir='ltr'>caneret</span> <span class='ocrx_word' id='word_1_136' title='bbox 440 1053 671 1110; x_wconf 83' lang='lat' dir='ltr'>Nymphas?</span> <span class='ocrx_word' id='word_1_137' title='bbox 710 1045 809 1101; x_wconf 89' lang='lat' dir='ltr'>Quis</span> <span class='ocrx_word' id='word_1_138' title='bbox 839 1053 1001 1090; x_wconf 88' lang='lat' dir='ltr'>humum</span> <span class='ocrx_word' id='word_1_139' title='bbox 1033 1051 1259 1091; x_wconf 88' lang='lat' dir='ltr'>florentibus</span> <span class='ocrx_word' id='word_1_140' title='bbox 1286 1051 1415 1090; x_wconf 84' lang='lat' dir='ltr'>herbis</span> 
     </span>
     <span class='ocr_line' id='line_1_23' title="bbox 125 1098 1447 1157; baseline -0.005 -11"><span class='ocrx_word' id='word_1_141' title='bbox 125 1110 340 1157; x_wconf 86' lang='lat' dir='ltr'>Spargeret,</span> <span class='ocrx_word' id='word_1_142' title='bbox 374 1114 441 1144; x_wconf 89' lang='lat' dir='ltr'>aut</span> <span class='ocrx_word' id='word_1_143' title='bbox 470 1098 579 1144; x_wconf 91' lang='lat' dir='ltr'>viridi</span> <span class='ocrx_word' id='word_1_144' title='bbox 610 1107 737 1144; x_wconf 90' lang='lat' dir='ltr'>fontes</span> <span class='ocrx_word' id='word_1_145' title='bbox 766 1105 969 1144; x_wconf 88' lang='lat' dir='ltr'>induceret</span> <span class='ocrx_word' id='word_1_146' title='bbox 998 1106 1165 1144; x_wconf 85' lang='lat' dir='ltr'>umbra?</span> <span class='ocrx_word' id='word_1_147' title='bbox 1400 1118 1447 1141; x_wconf 82' lang='lat'>20</span> 
     </span>
     <span class='ocr_line' id='line_1_24' title="bbox 125 1158 1126 1210; baseline -0.002 -11"><span class='ocrx_word' id='word_1_148' title='bbox 125 1162 198 1199; x_wconf 91' lang='lat' dir='ltr'>Vel</span> <span class='ocrx_word' id='word_1_149' title='bbox 227 1173 328 1210; x_wconf 91' lang='lat' dir='ltr'>quae</span> <span class='ocrx_word' id='word_1_150' title='bbox 353 1158 501 1209; x_wconf 80' lang='lat' dir='ltr'>sublegi</span> <span class='ocrx_word' id='word_1_151' title='bbox 529 1159 668 1197; x_wconf 88' lang='lat' dir='ltr'>tacitus</span> <span class='ocrx_word' id='word_1_152' title='bbox 693 1158 763 1197; x_wconf 89' lang='lat' dir='ltr'>tibi</span> <span class='ocrx_word' id='word_1_153' title='bbox 791 1159 963 1197; x_wconf 87' lang='lat' dir='ltr'>carmina</span> <span class='ocrx_word' id='word_1_154' title='bbox 992 1171 1126 1208; x_wconf 88' lang='lat' dir='ltr'>nuper,</span> 
     </span>
     <span class='ocr_line' id='line_1_25' title="bbox 127 1212 1182 1262; baseline -0.004 -8"><span class='ocrx_word' id='word_1_155' title='bbox 127 1216 226 1254; x_wconf 91' lang='lat' dir='ltr'>Cum</span> <span class='ocrx_word' id='word_1_156' title='bbox 257 1222 293 1252; x_wconf 88' lang='lat' dir='ltr'>te</span> <span class='ocrx_word' id='word_1_157' title='bbox 325 1214 376 1251; x_wconf 87' lang='lat' dir='ltr'>ad</span> <span class='ocrx_word' id='word_1_158' title='bbox 406 1212 567 1251; x_wconf 78' lang='lat' dir='ltr'>delicias</span> <span class='ocrx_word' id='word_1_159' title='bbox 598 1214 713 1250; x_wconf 87' lang='lat' dir='ltr'>ferres</span> <span class='ocrx_word' id='word_1_160' title='bbox 741 1212 979 1262; x_wconf 88' lang='lat' dir='ltr'>Amaryllida</span> <span class='ocrx_word' id='word_1_161' title='bbox 1007 1221 1182 1251; x_wconf 83' lang='lat' dir='ltr'>nostras:</span> 
     </span>
    </p>
   </div>
   <div class='ocr_carea' id='block_1_6' title="bbox 130 1262 1295 1317">
    <p class='ocr_par' dir='ltr' id='par_1_6' title="bbox 60 1262 1295 1317">
     <span class='ocr_line' id='line_1_26' title="bbox 130 1262 1295 1317; baseline -0.002 -13.17"><span class='ocrx_word' id='word_1_162' title='bbox 130 1269 186 1306; x_wconf 84' lang='lat' dir='ltr'>‘T</span> <span class='ocrx_word' id='word_1_163' title='bbox 189 1267 294 1317; x_wconf 92' lang='lat' dir='ltr'>ityre,</span> <span class='ocrx_word' id='word_1_164' title='bbox 326 1268 421 1305; x_wconf 89' lang='lat' dir='ltr'>dum</span> <span class='ocrx_word' id='word_1_165' title='bbox 450 1262 740 1316; x_wconf 68' lang='lat' dir='ltr'>redeo&#39;sprevis</span> <span class='ocrx_word' id='word_1_166' title='bbox 771 1273 828 1304; x_wconf 86' lang='lat' dir='ltr'>est</span> <span class='ocrx_word' id='word_1_167' title='bbox 858 1265 936 1316; x_wconf 86' lang='lat' dir='ltr'>via)</span> <span class='ocrx_word' id='word_1_168' title='bbox 967 1279 1084 1315; x_wconf 88' lang='lat' dir='ltr'>pasce</span> <span class='ocrx_word' id='word_1_169' title='bbox 1115 1266 1295 1315; x_wconf 76' lang='lat' dir='ltr'>capellas,</span> 
     </span>
    </p>
   </div>
   <div class='ocr_carea' id='block_1_7' title="bbox 127 1318 1443 1581">
    <p class='ocr_par' dir='ltr' id='par_1_7' title="bbox 127 1318 1443 1528">
     <span class='ocr_line' id='line_1_27' title="bbox 128 1318 1214 1370; baseline -0.003 -12"><span class='ocrx_word' id='word_1_170' title='bbox 128 1323 178 1358; x_wconf 91' lang='lat' dir='ltr'>Et</span> <span class='ocrx_word' id='word_1_171' title='bbox 205 1328 343 1370; x_wconf 90' lang='lat' dir='ltr'>potum</span> <span class='ocrx_word' id='word_1_172' title='bbox 372 1322 502 1369; x_wconf 67' lang='lat' dir='ltr'>pastas</span> <span class='ocrx_word' id='word_1_173' title='bbox 532 1332 614 1368; x_wconf 89' lang='lat' dir='ltr'>age,</span> <span class='ocrx_word' id='word_1_174' title='bbox 648 1319 791 1369; x_wconf 86' lang='lat' dir='ltr'>Tityre,</span> <span class='ocrx_word' id='word_1_175' title='bbox 825 1327 864 1357; x_wconf 90' lang='lat' dir='ltr'>et</span> <span class='ocrx_word' id='word_1_176' title='bbox 892 1318 991 1357; x_wconf 90' lang='lat' dir='ltr'>inter</span> <span class='ocrx_word' id='word_1_177' title='bbox 1020 1320 1214 1368; x_wconf 86' lang='lat' dir='ltr'>agendum</span> 
     </span>
     <span class='ocr_line' id='line_1_28' title="bbox 127 1371 1443 1425; baseline -0.004 -12"><span class='ocrx_word' id='word_1_178' title='bbox 127 1375 342 1417; x_wconf 84' lang='lat' dir='ltr'>Occursare</span> <span class='ocrx_word' id='word_1_179' title='bbox 371 1386 488 1422; x_wconf 86' lang='lat' dir='ltr'>capro</span> <span class='ocrx_word' id='word_1_180' title='bbox 519 1371 657 1424; x_wconf 88' lang='lat' dir='ltr'>(cornu</span> <span class='ocrx_word' id='word_1_181' title='bbox 687 1372 772 1410; x_wconf 86' lang='lat' dir='ltr'>ferit</span> <span class='ocrx_word' id='word_1_182' title='bbox 803 1371 884 1425; x_wconf 88' lang='lat' dir='ltr'>ille)</span> <span class='ocrx_word' id='word_1_183' title='bbox 915 1374 1075 1411; x_wconf 68' lang='lat' dir='ltr'>caveto?</span> <span class='ocrx_word' id='word_1_184' title='bbox 1400 1383 1443 1420; x_wconf 86' lang='lat'>25</span> 
     </span>
     <span class='ocr_line' id='line_1_29' title="bbox 179 1426 1429 1482; baseline -0.002 -17"><span class='ocrx_word' id='word_1_185' title='bbox 179 1428 240 1466; x_wconf 83' lang='lat' dir='ltr'>M.</span> <span class='ocrx_word' id='word_1_186' title='bbox 282 1428 411 1464; x_wconf 90' lang='lat' dir='ltr'>Immo</span> <span class='ocrx_word' id='word_1_187' title='bbox 438 1427 545 1472; x_wconf 87' lang='lat' dir='ltr'>haec,</span> <span class='ocrx_word' id='word_1_188' title='bbox 573 1439 697 1482; x_wconf 89' lang='lat' dir='ltr'>quae</span> <span class='ocrx_word' id='word_1_189' title='bbox 703 1427 808 1464; x_wconf 86' lang='lat' dir='ltr'>Varo</span> <span class='ocrx_word' id='word_1_190' title='bbox 839 1426 1008 1464; x_wconf 86' lang='lat' dir='ltr'>necdum</span> <span class='ocrx_word' id='word_1_191' title='bbox 1035 1427 1206 1475; x_wconf 83' lang='lat' dir='ltr'>perfecta</span> <span class='ocrx_word' id='word_1_192' title='bbox 1236 1426 1429 1464; x_wconf 76' lang='lat' dir='ltr'>canebat:</span> 
     </span>
     <span class='ocr_line' id='line_1_30' title="bbox 130 1477 1277 1538; baseline -0.001 -21"><span class='ocrx_word' id='word_1_193' title='bbox 130 1483 264 1526; x_wconf 89' lang='lat' dir='ltr'>‘Vare,</span> <span class='ocrx_word' id='word_1_194' title='bbox 296 1488 405 1518; x_wconf 91' lang='lat' dir='ltr'>tuum</span> <span class='ocrx_word' id='word_1_195' title='bbox 437 1492 594 1525; x_wconf 86' lang='lat' dir='ltr'>nomen,</span> <span class='ocrx_word' id='word_1_196' title='bbox 622 1487 776 1538; x_wconf 80' lang='lat' dir='ltr'>superet</span> <span class='ocrx_word' id='word_1_197' title='bbox 806 1480 926 1517; x_wconf 88' lang='lat' dir='ltr'>modo</span> <span class='ocrx_word' id='word_1_198' title='bbox 957 1477 1123 1516; x_wconf 88' lang='lat' dir='ltr'>Mantua</span> <span class='ocrx_word' id='word_1_199' title='bbox 1151 1478 1277 1526; x_wconf 89' lang='lat' dir='ltr'>nobis,</span> 
     </span>
    </p>

    <p class='ocr_par' dir='ltr' id='par_1_8' title="bbox 128 1532 1198 1581">
     <span class='ocr_line' id='line_1_31' title="bbox 128 1532 1198 1581; baseline -0.002 -9"><span class='ocrx_word' id='word_1_200' title='bbox 128 1537 294 1573; x_wconf 84' lang='lat' dir='ltr'>Mantua</span> <span class='ocrx_word' id='word_1_201' title='bbox 322 1546 393 1581; x_wconf 61' lang='lat' dir='ltr'>yae</span> <span class='ocrx_word' id='word_1_202' title='bbox 425 1532 586 1571; x_wconf 89' lang='lat' dir='ltr'>miserae</span> <span class='ocrx_word' id='word_1_203' title='bbox 617 1532 780 1570; x_wconf 91' lang='lat' dir='ltr'>nimium</span> <span class='ocrx_word' id='word_1_204' title='bbox 810 1532 938 1570; x_wconf 85' lang='lat' dir='ltr'>vicina</span> <span class='ocrx_word' id='word_1_205' title='bbox 968 1534 1198 1578; x_wconf 84' lang='lat' dir='ltr'>Cremonae,</span> 
     </span>
    </p>
   </div>
   <div class='ocr_carea' id='block_1_8' title="bbox 1242 1616 1278 1628">
    <p class='ocr_par' dir='ltr' id='par_1_9' title="bbox 1242 1616 1278 1628">
     <span class='ocr_line' id='line_1_32' title="bbox 1242 1616 1278 1628; baseline -0.028 -2"><span class='ocrx_word' id='word_1_206' title='bbox 1242 1616 1278 1628; x_wconf 45' lang='grc' dir='ltr'>,ῙΙ</span> 
     </span>
    </p>
   </div>
   <div class='ocr_carea' id='block_1_9' title="bbox 129 1624 1475 1798">
    <p class='ocr_par' dir='ltr' id='par_1_10' title="bbox 129 1624 1475 1798">
     <span class='ocr_line' id='line_1_33' title="bbox 182 1624 1448 1689; baseline -0.002 -11"><span class='ocrx_word' id='word_1_207' title='bbox 182 1642 227 1678; x_wconf 80' lang='lat' dir='ltr'>L.</span> <span class='ocrx_word' id='word_1_208' title='bbox 268 1640 331 1678; x_wconf 88' lang='lat' dir='ltr'>Sic</span> <span class='ocrx_word' id='word_1_209' title='bbox 360 1647 427 1678; x_wconf 89' lang='lat' dir='ltr'>tua</span> <span class='ocrx_word' id='word_1_210' title='bbox 456 1641 628 1689; x_wconf 87' lang='lat' dir='ltr'>Cyrneas</span> <span class='ocrx_word' id='word_1_211' title='bbox 656 1639 804 1688; x_wconf 82' lang='lat' dir='ltr'>fugiant</span> <span class='ocrx_word' id='word_1_212' title='bbox 835 1629 1014 1677; x_wconf 63' lang='lat' dir='ltr'>ex&#39;amina</span> <span class='ocrx_word' id='word_1_213' title='bbox 1042 1624 1183 1684; x_wconf 54' lang='lat' dir='ltr'>taxos}</span> <span class='ocrx_word' id='word_1_214' title='bbox 1400 1652 1448 1687; x_wconf 81' lang='lat'>30</span> 
     </span>
     <span class='ocr_line' id='line_1_34' title="bbox 129 1692 1102 1743; baseline -0.001 -12"><span class='ocrx_word' id='word_1_215' title='bbox 129 1695 191 1732; x_wconf 67' lang='lat' dir='ltr'>Sic</span> <span class='ocrx_word' id='word_1_216' title='bbox 219 1694 341 1743; x_wconf 88' lang='lat' dir='ltr'>cytiso</span> <span class='ocrx_word' id='word_1_217' title='bbox 373 1700 506 1742; x_wconf 84' lang='lat' dir='ltr'>pastae</span> <span class='ocrx_word' id='word_1_218' title='bbox 535 1692 759 1730; x_wconf 84' lang='lat' dir='ltr'>distendant</span> <span class='ocrx_word' id='word_1_219' title='bbox 789 1693 908 1730; x_wconf 87' lang='lat' dir='ltr'>ubera</span> <span class='ocrx_word' id='word_1_220' title='bbox 937 1705 1102 1730; x_wconf 83' lang='lat' dir='ltr'>vaccae:</span> 
     </span>
     <span class='ocr_line' id='line_1_35' title="bbox 132 1734 1475 1798; baseline -0.003 -13"><span class='ocrx_word' id='word_1_221' title='bbox 132 1748 279 1797; x_wconf 88' lang='lat' dir='ltr'>Incipe,</span> <span class='ocrx_word' id='word_1_222' title='bbox 311 1747 340 1784; x_wconf 91' lang='lat' dir='ltr'>si</span> <span class='ocrx_word' id='word_1_223' title='bbox 373 1745 468 1796; x_wconf 92' lang='lat' dir='ltr'>quid</span> <span class='ocrx_word' id='word_1_224' title='bbox 500 1746 631 1784; x_wconf 87' lang='lat' dir='ltr'>habes.</span> <span class='ocrx_word' id='word_1_225' title='bbox 692 1747 742 1784; x_wconf 92' lang='lat' dir='ltr'>Et</span> <span class='ocrx_word' id='word_1_226' title='bbox 770 1758 833 1783; x_wconf 88' lang='lat' dir='ltr'>me</span> <span class='ocrx_word' id='word_1_227' title='bbox 864 1746 989 1784; x_wconf 88' lang='lat' dir='ltr'>fecere</span> <span class='ocrx_word' id='word_1_228' title='bbox 1021 1752 1179 1794; x_wconf 85' lang='lat' dir='ltr'>poetam</span> <span class='ocrx_word' id='word_1_229' title='bbox 1388 1734 1475 1798; x_wconf 34' lang='lat'>.-³7</span> 
     </span>
    </p>
   </div>
   <div class='ocr_carea' id='block_1_10' title="bbox 132 1797 1354 1854">
    <p class='ocr_par' dir='ltr' id='par_1_11' title="bbox 132 1797 1354 1854">
     <span class='ocr_line' id='line_1_36' title="bbox 132 1797 1354 1854; baseline -0.002 -16"><span class='ocrx_word' id='word_1_230' title='bbox 132 1801 312 1846; x_wconf 86' lang='lat' dir='ltr'>Pierides,</span> <span class='ocrx_word' id='word_1_231' title='bbox 344 1806 434 1837; x_wconf 87' lang='lat' dir='ltr'>sunt</span> <span class='ocrx_word' id='word_1_232' title='bbox 465 1806 502 1837; x_wconf 88' lang='lat' dir='ltr'>et</span> <span class='ocrx_word' id='word_1_233' title='bbox 534 1798 628 1836; x_wconf 83' lang='lat' dir='ltr'>mihi</span> <span class='ocrx_word' id='word_1_234' title='bbox 659 1798 840 1845; x_wconf 83' lang='lat' dir='ltr'>carmina,</span> <span class='ocrx_word' id='word_1_235' title='bbox 871 1812 935 1836; x_wconf 91' lang='lat' dir='ltr'>me</span> <span class='ocrx_word' id='word_1_236' title='bbox 963 1811 1119 1848; x_wconf 91' lang='lat' dir='ltr'>quoque</span> <span class='ocrx_word' id='word_1_237' title='bbox 1150 1797 1285 1837; x_wconf 89' lang='lat' dir='ltr'>dicunt</span> <span class='ocrx_word' id='word_1_238' title='bbox 1319 1826 1354 1854; x_wconf 46' lang='lat'>(0</span> 
     </span>
    </p>
   </div>
   <div class='ocr_carea' id='block_1_11' title="bbox 74 1852 1317 1902">
    <p class='ocr_par' dir='ltr' id='par_1_12' title="bbox 74 1852 1317 1902">
     <span class='ocr_line' id='line_1_37' title="bbox 74 1852 1317 1902; baseline -0.002 -11"><span class='ocrx_word' id='word_1_239' title='bbox 74 1855 271 1895; x_wconf 37' lang='lat' dir='ltr'>NVatem</span> <span class='ocrx_word' id='word_1_240' title='bbox 303 1860 501 1902; x_wconf 87' lang='lat' dir='ltr'>pastores3</span> <span class='ocrx_word' id='word_1_241' title='bbox 542 1853 623 1901; x_wconf 28' lang='lat' dir='ltr'>sed,</span> <span class='ocrx_word' id='word_1_242' title='bbox 641 1865 721 1890; x_wconf 91' lang='lat' dir='ltr'>non</span> <span class='ocrx_word' id='word_1_243' title='bbox 751 1865 822 1901; x_wconf 85' lang='lat' dir='ltr'>ego</span> <span class='ocrx_word' id='word_1_244' title='bbox 852 1852 1031 1890; x_wconf 89' lang='lat' dir='ltr'>credulus</span> <span class='ocrx_word' id='word_1_245' title='bbox 1063 1852 1146 1890; x_wconf 92' lang='lat' dir='ltr'>illis.</span> <span class='ocrx_word' id='word_1_246' title='bbox 1277 1855 1317 1889; x_wconf 45' lang='grc' dir='ltr'>(Ρ</span> 
     </span>
    </p>
   </div>
   <div class='ocr_carea' id='block_1_12' title="bbox 132 1904 1450 2232">
    <p class='ocr_par' dir='ltr' id='par_1_13' title="bbox 132 1904 1446 1955">
     <span class='ocr_line' id='line_1_38' title="bbox 132 1904 1446 1955; baseline -0.002 -11"><span class='ocrx_word' id='word_1_247' title='bbox 132 1909 235 1945; x_wconf 85' lang='lat' dir='ltr'>Nam</span> <span class='ocrx_word' id='word_1_248' title='bbox 264 1919 392 1955; x_wconf 90' lang='lat' dir='ltr'>neque</span> <span class='ocrx_word' id='word_1_249' title='bbox 423 1907 551 1944; x_wconf 89' lang='lat' dir='ltr'>adhuc</span> <span class='ocrx_word' id='word_1_250' title='bbox 580 1904 699 1943; x_wconf 88' lang='lat' dir='ltr'>Vario</span> <span class='ocrx_word' id='word_1_251' title='bbox 729 1905 863 1943; x_wconf 86' lang='lat' dir='ltr'>videor</span> <span class='ocrx_word' id='word_1_252' title='bbox 891 1918 965 1943; x_wconf 91' lang='lat' dir='ltr'>nec</span> <span class='ocrx_word' id='word_1_253' title='bbox 993 1904 1121 1943; x_wconf 89' lang='lat' dir='ltr'>dicere</span> <span class='ocrx_word' id='word_1_254' title='bbox 1151 1904 1278 1943; x_wconf 79' lang='lat' dir='ltr'>Cinna</span> <span class='ocrx_word' id='word_1_255' title='bbox 1318 1942 1328 1950; x_wconf 33' lang='lat' dir='ltr'><em>f</em></span> <span class='ocrx_word' id='word_1_256' title='bbox 1400 1916 1446 1954; x_wconf 87' lang='lat'>35</span> 
     </span>
    </p>

    <p class='ocr_par' dir='ltr' id='par_1_14' title="bbox 132 1956 1448 2062">
     <span class='ocr_line' id='line_1_39' title="bbox 132 1956 1369 2010; baseline -0.002 -12"><span class='ocrx_word' id='word_1_257' title='bbox 132 1960 272 2010; x_wconf 86' lang='lat' dir='ltr'>Digna,</span> <span class='ocrx_word' id='word_1_258' title='bbox 302 1960 370 1998; x_wconf 90' lang='lat' dir='ltr'>sed</span> <span class='ocrx_word' id='word_1_259' title='bbox 396 1956 557 2008; x_wconf 79' lang='lat' dir='ltr'>&#39;argutos</span> <span class='ocrx_word' id='word_1_260' title='bbox 587 1958 687 1997; x_wconf 87' lang='lat' dir='ltr'>inter</span> <span class='ocrx_word' id='word_1_261' title='bbox 709 1961 887 2007; x_wconf 83' lang='lat' dir='ltr'>&#39;strepere</span> <span class='ocrx_word' id='word_1_262' title='bbox 916 1971 1028 1996; x_wconf 83' lang='lat' dir='ltr'>anser</span> <span class='ocrx_word' id='word_1_263' title='bbox 1058 1959 1194 1996; x_wconf 84' lang='lat' dir='ltr'>olores.</span> <span class='ocrx_word' id='word_1_264' title='bbox 1206 1972 1253 1991; x_wconf 47' lang='grc' dir='ltr'>ἐν</span> <span class='ocrx_word' id='word_1_265' title='bbox 1267 1967 1297 1979; x_wconf 54' lang='lat'>⁹*</span> <span class='ocrx_word' id='word_1_266' title='bbox 1365 1956 1369 1959; x_wconf 55' lang='grc'><em>“</em></span> 
     </span>
     <span class='ocr_line' id='line_1_40' title="bbox 184 2010 1448 2062; baseline -0.002 -11"><span class='ocrx_word' id='word_1_267' title='bbox 184 2015 243 2051; x_wconf 77' lang='lat' dir='ltr'>M</span> <span class='ocrx_word' id='word_1_268' title='bbox 280 2014 327 2051; x_wconf 93' lang='lat' dir='ltr'>Id</span> <span class='ocrx_word' id='word_1_269' title='bbox 348 2012 508 2062; x_wconf 85' lang='lat' dir='ltr'>quidem</span> <span class='ocrx_word' id='word_1_270' title='bbox 529 2025 601 2061; x_wconf 79' lang='lat' dir='ltr'>ugo</span> <span class='ocrx_word' id='word_1_271' title='bbox 622 2019 660 2050; x_wconf 90' lang='lat' dir='ltr'>et</span> <span class='ocrx_word' id='word_1_272' title='bbox 679 2011 830 2058; x_wconf 87' lang='lat' dir='ltr'>tacitus,</span> <span class='ocrx_word' id='word_1_273' title='bbox 854 2011 1010 2061; x_wconf 89' lang='lat' dir='ltr'>Lycida,</span> <span class='ocrx_word' id='word_1_274' title='bbox 1027 2024 1180 2050; x_wconf 91' lang='lat' dir='ltr'>mecum</span> <span class='ocrx_word' id='word_1_275' title='bbox 1200 2010 1283 2060; x_wconf 89' lang='lat' dir='ltr'>ipse</span> <span class='ocrx_word' id='word_1_276' title='bbox 1303 2012 1448 2057; x_wconf 89' lang='lat' dir='ltr'>voluto,</span> 
     </span>
    </p>

    <p class='ocr_par' dir='ltr' id='par_1_15' title="bbox 132 2064 1271 2114">
     <span class='ocr_line' id='line_1_41' title="bbox 132 2064 1271 2114; baseline -0.003 -10"><span class='ocrx_word' id='word_1_277' title='bbox 132 2067 170 2105; x_wconf 86' lang='lat' dir='ltr'>Si</span> <span class='ocrx_word' id='word_1_278' title='bbox 199 2067 348 2104; x_wconf 88' lang='lat' dir='ltr'>valeam</span> <span class='ocrx_word' id='word_1_279' title='bbox 380 2065 627 2111; x_wconf 88' lang='lat' dir='ltr'>meminisse3</span> <span class='ocrx_word' id='word_1_280' title='bbox 664 2078 791 2113; x_wconf 90' lang='lat' dir='ltr'>neque</span> <span class='ocrx_word' id='word_1_281' title='bbox 822 2072 878 2103; x_wconf 90' lang='lat' dir='ltr'>est</span> <span class='ocrx_word' id='word_1_282' title='bbox 907 2064 1078 2114; x_wconf 83' lang='lat' dir='ltr'>ignobile</span> <span class='ocrx_word' id='word_1_283' title='bbox 1108 2077 1271 2103; x_wconf 86' lang='lat' dir='ltr'>carmen.</span> 
     </span>
    </p>

    <p class='ocr_par' dir='ltr' id='par_1_16' title="bbox 135 2116 1449 2173">
     <span class='ocr_line' id='line_1_42' title="bbox 135 2116 1449 2173; baseline -0.003 -16"><span class='ocrx_word' id='word_1_284' title='bbox 135 2121 254 2157; x_wconf 87' lang='lat' dir='ltr'>‘Huc</span> <span class='ocrx_word' id='word_1_285' title='bbox 282 2120 387 2173; x_wconf 82' lang='lat' dir='ltr'>adeS‚</span> <span class='ocrx_word' id='word_1_286' title='bbox 420 2131 444 2157; x_wconf 94' lang='lat' dir='ltr'>o</span> <span class='ocrx_word' id='word_1_287' title='bbox 474 2119 659 2165; x_wconf 85' lang='lat' dir='ltr'>Galatea3</span> <span class='ocrx_word' id='word_1_288' title='bbox 697 2118 782 2167; x_wconf 88' lang='lat' dir='ltr'>quis</span> <span class='ocrx_word' id='word_1_289' title='bbox 812 2125 869 2157; x_wconf 92' lang='lat' dir='ltr'>est</span> <span class='ocrx_word' id='word_1_290' title='bbox 899 2131 988 2155; x_wconf 73' lang='lat' dir='ltr'>nim</span> <span class='ocrx_word' id='word_1_291' title='bbox 1019 2118 1133 2156; x_wconf 90' lang='lat' dir='ltr'>ludus</span> <span class='ocrx_word' id='word_1_292' title='bbox 1162 2117 1201 2154; x_wconf 92' lang='lat' dir='ltr'>in</span> <span class='ocrx_word' id='word_1_293' title='bbox 1230 2116 1374 2155; x_wconf 83' lang='lat' dir='ltr'>undis?</span> <span class='ocrx_word' id='word_1_294' title='bbox 1447 2161 1449 2163; x_wconf 31' lang='lat'>,</span> 
     </span>
    </p>

    <p class='ocr_par' dir='ltr' id='par_1_17' title="bbox 135 2165 1450 2232">
     <span class='ocr_line' id='line_1_43' title="bbox 135 2165 1450 2232; baseline -0.004 -22"><span class='ocrx_word' id='word_1_295' title='bbox 135 2168 238 2211; x_wconf 89' lang='lat' dir='ltr'>Hic</span> <span class='ocrx_word' id='word_1_296' title='bbox 243 2169 308 2211; x_wconf 83' lang='lat' dir='ltr'>ver</span> <span class='ocrx_word' id='word_1_297' title='bbox 336 2176 580 2221; x_wconf 83' lang='lat' dir='ltr'>purpureum,</span> <span class='ocrx_word' id='word_1_298' title='bbox 608 2170 733 2209; x_wconf 83' lang='lat' dir='ltr'>varios</span> <span class='ocrx_word' id='word_1_299' title='bbox 764 2171 826 2209; x_wconf 89' lang='lat' dir='ltr'>hic</span> <span class='ocrx_word' id='word_1_300' title='bbox 853 2169 1014 2209; x_wconf 78' lang='lat' dir='ltr'>flumina</span> <span class='ocrx_word' id='word_1_301' title='bbox 1042 2165 1195 2208; x_wconf 71' lang='lat' dir='ltr'>circum</span> <span class='ocrx_word' id='word_1_302' title='bbox 1303 2184 1343 2232; x_wconf 47' lang='grc' dir='ltr'>Ἦ,</span> <span class='ocrx_word' id='word_1_303' title='bbox 1400 2182 1450 2216; x_wconf 78' lang='lat'>40</span> 
     </span>
    </p>
   </div>
   <div class='ocr_carea' id='block_1_13' title="bbox 73 2208 1325 2282">
    <p class='ocr_par' dir='ltr' id='par_1_18' title="bbox 73 2208 1325 2282">
     <span class='ocr_line' id='line_1_44' title="bbox 73 2208 1325 2282; baseline -0.002 -19"><span class='ocrx_word' id='word_1_304' title='bbox 73 2275 76 2279; x_wconf 29' lang='grc' dir='ltr'><strong><em>Ι</em></strong></span> <span class='ocrx_word' id='word_1_305' title='bbox 135 2225 280 2263; x_wconf 89' lang='lat' dir='ltr'>Fundit</span> <span class='ocrx_word' id='word_1_306' title='bbox 309 2227 448 2262; x_wconf 87' lang='lat' dir='ltr'>humus</span> <span class='ocrx_word' id='word_1_307' title='bbox 480 2225 602 2270; x_wconf 84' lang='lat' dir='ltr'>fiores,</span> <span class='ocrx_word' id='word_1_308' title='bbox 634 2223 698 2261; x_wconf 84' lang='lat' dir='ltr'>hic</span> <span class='ocrx_word' id='word_1_309' title='bbox 728 2224 896 2262; x_wconf 86' lang='lat' dir='ltr'>candida</span> <span class='ocrx_word' id='word_1_310' title='bbox 927 2224 1095 2273; x_wconf 88' lang='lat' dir='ltr'>populus</span> <span class='ocrx_word' id='word_1_311' title='bbox 1127 2208 1325 2282; x_wconf 70' lang='lat' dir='ltr'>ant1·os(⁰</span> 
     </span>
    </p>
   </div>
   <div class='ocr_carea' id='block_1_14' title="bbox 137 2276 1133 2335">
    <p class='ocr_par' dir='ltr' id='par_1_19' title="bbox 137 2276 1133 2335">
     <span class='ocr_line' id='line_1_45' title="bbox 137 2276 1133 2335; baseline -0.001 -20"><span class='ocrx_word' id='word_1_312' title='bbox 137 2277 332 2325; x_wconf 78' lang='lat' dir='ltr'>Imminet</span> <span class='ocrx_word' id='word_1_313' title='bbox 364 2290 411 2316; x_wconf 88' lang='lat' dir='ltr'>en</span> <span class='ocrx_word' id='word_1_314' title='bbox 440 2278 567 2335; x_wconf 80' lang='lat' dir='ltr'>lentae</span> <span class='ocrx_word' id='word_1_315' title='bbox 596 2284 731 2315; x_wconf 79' lang='lat' dir='ltr'>texunt</span> <span class='ocrx_word' id='word_1_316' title='bbox 761 2278 985 2314; x_wconf 83' lang='lat' dir='ltr'>umbracula</span> <span class='ocrx_word' id='word_1_317' title='bbox 1014 2276 1133 2315; x_wconf 77' lang='lat' dir='ltr'>vites:</span> 
     </span>
    </p>
   </div>
   <div class='ocr_carea' id='block_1_15' title="bbox 182 2336 1118 2371">
    <p class='ocr_par' dir='ltr' id='par_1_20' title="bbox 182 2336 1118 2371">
     <span class='ocr_line' id='line_1_46' title="bbox 182 2336 1118 2371; baseline -0.002 0"><span class='ocrx_word' id='word_1_318' title='bbox 182 2336 191 2355; x_wconf 31' lang='lat' dir='ltr'>N</span> <span class='ocrx_word' id='word_1_319' title='bbox 1080 2349 1118 2371; x_wconf 70' lang='grc' dir='ltr'>ι’</span> 
     </span>
    </p>
   </div>
   <div class='ocr_carea' id='block_1_16' title="bbox 151 2365 1167 2437">
    <p class='ocr_par' dir='ltr' id='par_1_21' title="bbox 151 2365 1167 2437">
     <span class='ocr_line' id='line_1_47' title="bbox 1032 2365 1167 2394; baseline 0 0"><span class='ocrx_word' id='word_1_320' title='bbox 1032 2368 1070 2394; x_wconf 55' lang='grc' dir='ltr'><strong><em>Ψ</em></strong></span> <span class='ocrx_word' id='word_1_321' title='bbox 1124 2365 1167 2383; x_wconf 52' lang='grc' dir='ltr'>ι·</span> 
     </span>
     <span class='ocr_line' id='line_1_48' title="bbox 151 2400 231 2437; baseline 0 -13"><span class='ocrx_word' id='word_1_322' title='bbox 151 2400 231 2437; x_wconf 25' lang='grc' dir='ltr'>ιρι</span> 
     </span>
    </p>
   </div>
  </div>
 </body>
</html>
