1621 2509
458 93 768 131 BUCOLJCA.
826 93 950 130 ECL.
983 95 1056 132 JV.

95 197 233 243 Teque
260 194 360 232 adeo
389 195 509 231 decus
538 195 614 231 hoc
641 195 738 239 aevi,
770 204 808 232 te
837 196 998 233 consule
1027 195 1153 243 inibit,

95 248 219 294 Polio,
250 255 289 285 et
316 245 505 295 incipient
535 246 664 295 magni
693 248 906 296 procedere
935 261 1088 286 menses
1104 263 1113 295 3

99 302 159 339 Te
188 301 300 345 duce,
331 298 362 337 si
391 313 468 348 qua
496 307 657 338 manent
686 300 840 338 sceleris
869 301 1029 350 vestigia
1059 301 1192 348 nostri,

98 354 212 392 Irrita
240 360 430 402 perpetua
458 354 609 391 solvent
639 353 847 391 formidine
876 361 1005 392 terras.

98 408 170 445 Ille
200 407 316 444 deum
342 406 461 444 vitam
491 405 657 455 accipiet
687 406 865 456 divisque
891 407 1040 447 videbit

99 459 318 498 Permixtos
348 460 496 505 heroas,
529 466 567 497 et
596 459 678 508 ipse
707 460 902 498 videbitur
930 460 1014 507 illis,

98 515 365 562 Pacatumque
394 522 499 562 reget
530 512 663 562 patriis
692 512 901 551 virtutibus
931 516 1075 552 orbem.

99 569 153 604 At
181 566 253 604 tibi
283 566 418 615 prima,
449 579 557 615 puer,
589 567 695 603 nullo
725 568 956 604 munuscula
983 568 1086 605 cultu

98 621 283 657 Errantes
312 620 476 657 hederas
505 619 651 667 passim
680 632 769 656 cum
801 621 962 658 baccare
992 622 1104 658 tellus

99 674 302 721 Mixtaque
330 672 470 710 ridenti
499 672 694 710 colocasia
722 673 857 710 fundet
885 674 1065 711 acantho.

101 728 216 775 Ipsae
246 727 345 764 lacte
374 727 536 764 domurn
566 726 731 764 referent
760 726 930 764 distenta
958 728 1131 776 capellae

99 781 245 825 Ubera,
277 792 349 817 nec
378 792 540 828 magnos
571 787 746 817 metuent
774 787 949 817 armenta
977 782 1120 818 leones.

98 833 192 882 Ipsa
219 832 290 871 tibi
319 833 484 870 blandos
513 833 677 870 fundent
705 834 899 870 cunabula
928 834 1050 872 flores.

100 886 266 925 Occidet
295 893 332 923 et
361 898 531 934 serpens,
563 893 602 924 et
628 887 744 923 fallax
773 887 894 924 herba
922 888 1060 925 veneni

100 938 289 986 Occidet3
328 938 528 988 Assyrium
557 939 673 988 vulgo
702 947 882 977 nascetur
910 953 1121 978 amomum.

104 995 156 1030 At
185 992 300 1029 simul
328 992 491 1030 heroum
520 992 654 1030 laudes
685 1000 722 1030 et
750 993 852 1030 facta
880 993 1049 1041 parentis

102 1047 186 1083 Iam
215 1046 342 1094 legere
371 1052 408 1082 et
437 1058 536 1094 quae
565 1045 614 1082 sit
641 1045 786 1094 poteris
815 1059 1052 1095 cognoscere
1081 1046 1209 1093 virtus,

103 1098 216 1136 Molli
247 1097 434 1147 paulatim
464 1099 647 1136 flavescet
675 1111 837 1148 campus
867 1099 994 1147 arista,

102 1151 346 1200 Incultisque
375 1152 517 1190 rubens
546 1151 736 1200 pendebit
765 1153 937 1191 sentibus
966 1166 1050 1198 uva,

102 1207 152 1243 Et
181 1205 300 1243 durae
328 1217 493 1253 quercus
521 1205 717 1244 sudabunt
744 1205 896 1244 roscida
925 1208 1049 1244 mella.

103 1260 234 1296 Pauca
262 1266 394 1296 tamen
424 1259 610 1296 suberunt
638 1258 787 1307 priscae
816 1259 976 1309 vestigia
1004 1259 1159 1306 fraudis,

103 1313 216 1361 Quae
245 1318 395 1349 tentare
422 1311 582 1350 Thetim
611 1312 768 1358 ratibus,
799 1325 898 1361 quae
927 1313 1082 1362 cingere
1111 1313 1227 1351 muris

103 1364 274 1414 Oppida,
306 1377 406 1414 quae
435 1364 595 1403 iubeant
623 1366 748 1403 telluri
777 1365 964 1404 infindere
994 1368 1131 1405 sulcos.

102 1420 213 1456 Alter
242 1417 313 1456 erit
342 1425 424 1456 tum
455 1419 616 1468 Tiphys,
647 1426 684 1456 et
712 1420 832 1457 altera
861 1432 961 1468 quae
991 1421 1105 1458 vehat
1134 1423 1240 1470 Argo

105 1472 290 1510 Delectos
319 1472 485 1517 heroas;
526 1480 637 1510 erunt
667 1472 782 1510 etiam
813 1474 931 1511 altera
960 1475 1072 1520 bella,

103 1527 234 1573 Atque
262 1524 400 1564 iterum
428 1525 479 1563 ad
507 1525 666 1563 Troiam
696 1539 858 1575 magnus
886 1526 1061 1565 mittetur
1085 1527 1264 1566 Achilles.

106 1579 226 1624 Hinc,
257 1578 324 1617 ubi
353 1578 429 1616 iam
459 1579 611 1616 firmata
639 1579 762 1617 virum
793 1587 830 1617 te
859 1580 991 1618 fecerit
1020 1588 1139 1628 aetas,

105 1632 233 1671 Cedet
261 1639 300 1671 et
327 1631 410 1681 ipse
439 1632 534 1669 mari
564 1640 705 1679 vector,
738 1645 811 1671 nec
840 1633 995 1671 nautica
1022 1635 1136 1683 pinus

107 1685 280 1723 Mutabit
307 1698 480 1723 merces:
519 1685 645 1723 omnis
674 1687 769 1724 feret
797 1686 930 1724 omnia
957 1688 1082 1725 tellus.

107 1740 199 1777 Non
227 1746 368 1776 rastros
396 1738 562 1787 patietur
590 1740 742 1785 humus,
772 1753 852 1777 non
881 1740 994 1779 vinea
1022 1742 1188 1789 falcem3

107 1793 309 1830 Robustus
338 1804 495 1841 quoque
524 1792 600 1829 iam
632 1792 750 1830 tauris
777 1793 867 1842 iuga
897 1795 1019 1833 solvet
1048 1802 1198 1843 arator,

107 1846 194 1884 Nec
222 1845 348 1883 varios
377 1845 502 1883 discet
531 1846 685 1884 mentiri
713 1847 802 1883 lana
830 1847 991 1895 colores,

109 1900 199 1948 Ipse
228 1899 298 1937 sed
326 1898 364 1935 in
395 1898 513 1947 pratis
541 1898 638 1937 aries
666 1898 744 1936 iam
773 1913 890 1938 suave
917 1900 1070 1939 rubenti

109 1951 272 1996 Murice,
301 1951 377 1989 iam
407 1964 547 1990 croceo
576 1952 742 1990 mutabit
761 1954 903 1991 vellera
931 1954 1013 1993 luto
1028 1968 1038 2001 ;

108 2006 257 2054 Sponte
286 2017 355 2042 sua
383 2005 532 2054 sandyx
559 2013 764 2054 pascentes
793 2007 930 2045 vestiet
957 2021 1088 2056 agnos.

110 2058 244 2095 ‘Talia
272 2058 418 2096 saecla'
448 2058 526 2096 suis
555 2058 732 2097 dixerunt
764 2060 945 2098 ‘currite'
974 2061 1066 2098 fusis

109 2112 338 2151 Concordes
368 2111 495 2149 stabili
523 2112 690 2149 fatorum
719 2112 880 2150 numine
910 2115 1063 2152 Parcae.

93 2157 330 2213 ffiggredere
359 2177 383 2202 o
413 2177 574 2213 magnos
606 2165 746 2215 (aderit
774 2165 851 2203 iam
882 2167 1054 2217 tempus)
1084 2168 1263 2215 honores,

111 2219 211 2256 Cara
238 2218 358 2255 deum
387 2219 554 2264 suboles,
587 2231 771 2268 magnum
802 2219 906 2257 Iovis
935 2219 1227 2260 incrementum.

111 2271 256 2318 Aspice
285 2283 461 2308 convexo
491 2280 692 2310 nutantem
722 2273 896 2321 pondere
925 2275 1128 2320 mundum,

1376 1220 1424 1256 30

1378 1756 1428 1789 40

1380 2020 1427 2057 45

1381 2288 1432 2327 50
