1621 2509
438 623 481 665 P.
522 624 783 665 VERGILI
827 622 1119 664 MARONIS

499 767 1078 832 BUCOLICA

639 971 862 1009 ECLOGA
892 971 920 1007 I.

521 1098 782 1134 MELIBOEUS.
842 1098 1038 1133 TirvRus.

173 1216 233 1252 js.
272 1215 448 1259 TITYRE,
478 1220 519 1251 tu
547 1215 703 1263 patulae
730 1214 919 1251 recubans
949 1214 1021 1251 sub
1049 1211 1221 1262 tegmine
1250 1211 1325 1261 fagi

120 1267 338 1305 Silvestrem
369 1266 477 1305 tenui
505 1280 657 1304 musam
687 1266 887 1305 meditaris
916 1279 1040 1304 avena
1056 1280 1066 1313 ;

120 1321 206 1359 Nos
234 1320 381 1370 patriae
411 1321 505 1358 fines
535 1327 573 1357 et
603 1319 731 1358 dulcia
760 1319 971 1368 linquimus
1000 1332 1099 1357 arva.

120 1375 205 1412 Nos
233 1373 396 1423 patriam
425 1374 615 1423 fugimus;
654 1380 707 1419 tu,
738 1373 882 1422 Tityre,
912 1374 1040 1411 lentus
1068 1372 1108 1409 in
1137 1372 1270 1410 umbra

120 1428 349 1466 Formosam
378 1440 559 1465 resonare
589 1428 709 1465 doces
738 1426 978 1474 Amaryllida
1006 1425 1131 1463 silvas.
1417 1437 1436 1475 5

177 1482 219 1519 T.
261 1482 297 1520 O
327 1480 538 1526 Meliboee,
570 1481 666 1518 deus
696 1479 810 1518 nobis
839 1481 936 1517 haec
964 1479 1043 1517 otia
1072 1478 1172 1517 fecit.

121 1535 303 1583 Namque
333 1534 403 1571 erit
432 1533 494 1571 ille
523 1533 618 1571 mihi
647 1546 800 1582 semper
829 1534 937 1579 deus,
966 1532 1069 1570 illius
1097 1545 1201 1569 aram

119 1588 243 1636 Saepe
272 1596 382 1626 tener
409 1587 550 1625 nostris
579 1588 629 1625 ab
659 1587 826 1625 ovilibus
854 1587 1003 1624 imbuet
1031 1598 1165 1635 agnus.

120 1641 193 1679 Ille
221 1653 328 1679 meas
357 1653 479 1679 errare
508 1642 641 1681 boves,
672 1648 715 1678 ut
743 1639 877 1682 cernis,
911 1646 948 1677 et
976 1639 1105 1688 ipsum

119 1695 273 1732 Ludere
303 1707 403 1743 quae
432 1695 573 1731 vellem
601 1695 752 1731 calamo
781 1693 954 1743 permisit
983 1692 1132 1742 agresti.
1396 1705 1440 1729 10

171 1749 233 1786 M.
272 1749 365 1785 Non
394 1747 578 1796 equidem
606 1747 775 1794 invideo,
805 1746 923 1784 miror
949 1746 1094 1795 magis:
1126 1743 1301 1794 undique
1331 1745 1423 1783 totis

120 1801 259 1850 Usque
288 1802 390 1839 adeo
420 1803 595 1838 turbatur
623 1801 731 1850 agris.
792 1801 852 1838 En
881 1800 965 1848 ipse
994 1800 1165 1848 capellas

120 1855 310 1892 Protenus
338 1867 453 1904 aeger
480 1867 577 1903 ago:
606 1854 707 1891 hanc
735 1852 850 1891 etiam
880 1853 953 1899 vix,
984 1852 1129 1902 Tityre,
1160 1853 1274 1890 duco.

120 1908 201 1946 Hic
229 1907 329 1946 inter
356 1909 500 1946 densas
528 1908 681 1956 corylos
710 1907 831 1945 modo
860 1919 1030 1956 namque
1059 1907 1246 1955 gemellos

118 1962 237 2010 Spem
265 1960 401 2010 gregis,
432 1974 464 2006 a,
488 1960 594 1998 silice
622 1960 662 1997 in
692 1961 797 1998 nuda
825 1960 994 1998 connixa
1021 1959 1182 2009 reliquit.
1396 1970 1436 2007 15

119 2015 243 2063 Saepe
273 2016 420 2052 malum
448 2014 524 2052 hoc
554 2013 677 2060 nobis,
708 2013 738 2051 si
767 2026 877 2051 mens
907 2026 987 2051 non
1017 2014 1126 2051 laeva
1155 2012 1300 2058 fuisset,

120 2069 181 2105 De
211 2069 320 2106 caelo
350 2074 471 2105 tactas
501 2066 660 2104 memini
688 2065 915 2116 praedicere
944 2079 1118 2116 quercus.

120 2118 261 2171 [Saepe
290 2120 442 2158 sinistra
471 2133 566 2158 cava
594 2120 785 2169 praedixit
813 2122 863 2158 ab
893 2119 979 2158 ilice
1008 2118 1173 2170 cornix]

117 2174 193 2212 Sed
225 2183 355 2212 tamen
383 2173 455 2211 iste
484 2174 579 2211 deus
609 2173 675 2222 qui
704 2173 752 2211 sit
781 2173 841 2219 da,
873 2173 1017 2222 Tityre,
1048 2172 1169 2211 nobis.

176 2228 218 2264 T.
258 2227 408 2265 Urbem
439 2239 556 2275 quam
586 2227 721 2264 dicunt
751 2228 930 2271 Romam,
965 2225 1173 2270 Meliboee,
1204 2223 1334 2274 putavi
1391 2238 1439 2262 20

117 2281 264 2318 Stultus
294 2293 365 2328 ego
394 2279 484 2316 huic
512 2287 667 2317 nostrae
696 2279 873 2326 similem,
904 2292 984 2328 quo
1014 2291 1129 2328 saepe
1163 2279 1332 2316 solemus
