1591 2479
110 101 157 136 32
444 90 492 126 P.
543 90 793 128 VERGJLJ
823 91 1099 129 MARONJS

112 189 193 239 Ipsi
221 189 367 227 laetitia
396 203 512 228 voces
540 191 590 227 ad
619 190 744 228 sidera
772 190 916 228 iactant

112 243 265 281 Intonsi
295 251 472 290 montes3
511 243 619 292 ipsae
648 243 724 280 iam
754 245 925 281 carmina
953 257 1076 293 rupea

112 297 204 345 Ipsa
232 303 373 333 sonant
401 297 580 333 arbusta:
621 298 763 342 ‘Deus‚
796 298 891 334 deus
920 296 994 344 ille,
1028 298 1236 335 Menalca.'

112 349 169 387 Sis
198 350 325 386 bonus
354 361 378 386 o
407 349 576 396 felixque
605 348 703 387 tuis!
744 362 793 387 en
822 357 986 398 quatuor
1014 364 1120 388 aras:
1383 353 1430 400 65

114 404 218 440 Ecce
248 403 344 440 duas
374 401 454 448 tibi,
488 402 658 451 Daphni,
691 403 786 440 duas
815 403 948 440 altaria
978 404 1152 441 Phoebo.

114 456 259 493 Pocula
288 455 378 493 bina
407 468 510 493 novo
540 456 763 504 spumantia
790 457 890 493 lacte
920 456 1128 505 quotannis

117 510 374 557 Craterasque
404 510 483 546 duo
512 515 678 546 statuam
707 508 778 547 tibi
807 509 959 558 pinguis
990 509 1103 557 olivig

116 563 167 599 Et
196 562 318 598 multo
349 562 387 599 in
416 561 549 610 primis
579 562 745 599 hilarans
775 562 953 600 convivia
983 563 1150 611 Baccho,

114 617 220 652 Ante
248 616 391 661 focum,
423 614 454 651 si
483 615 597 664 frigus
628 614 708 659 erit,
738 615 770 652 si
798 614 946 662 messis,
978 615 1018 653 in
1046 618 1183 654 umbra
1388 629 1436 664 70

114 667 217 705 Vina
246 681 390 705 novum
420 669 579 705 fundam
610 668 770 705 calathis
796 667 948 706 Ariusia
976 676 1115 707 nectar.

117 721 342 760 Cantabunt
371 721 463 758 mihi
496 723 710 759 Damoetas
739 730 776 759 et
807 722 963 770 Lyctius
992 724 1154 771 Aegon3

115 776 307 812 Saltantes
336 776 491 823 Satyros
519 774 732 812 imitabitur
760 775 1057 823 Alphesiboeus.

118 829 232 865 Haec
261 827 332 865 tibi
362 840 516 876 semper
545 835 667 874 erunt,
699 834 737 865 et
766 841 856 865 cum
886 828 1090 866 sollemnia
1118 837 1209 866 vota

118 882 346 919 Reddemus
378 881 581 929 Nymphis,
613 888 650 918 et
680 894 769 918 cum
798 880 1046 919 lustrabimus
1075 895 1196 931 agros.
1391 894 1434 931 75

120 936 224 971 Dum
256 934 341 983 iuga
370 934 514 971 montis
543 947 645 982 aper,
676 933 812 972 fluvios
842 935 935 973 dum
965 935 1081 983 piscis
1110 935 1266 982 amabit,

120 989 304 1036 Dumque
335 988 469 1036 thymo
499 995 707 1035 pascentur
735 1000 839 1036 apes,
871 988 962 1025 dum
994 1001 1079 1025 rore
1108 988 1278 1035 cicadae,

117 1042 279 1089 Semper
306 1041 432 1078 honos
462 1053 684 1089 nomenque
714 1048 823 1078 tuum
854 1041 1066 1089 laudesque
1096 1043 1317 1080 manebunt.

120 1095 175 1132 Ut
206 1095 362 1131 Baccho
394 1093 614 1142 Cererique,
646 1093 715 1131 tibi
744 1093 799 1131 sic
828 1102 918 1131 vota
946 1095 1157 1143 quotannis

119 1146 323 1196 Agricolae
352 1146 518 1194 facient3
557 1146 763 1184 damnabis
793 1154 834 1184 tu
863 1160 1020 1196 quoque
1049 1148 1162 1185 votis.
1389 1150 1439 1185 80

172 1202 251 1237 Mo.
285 1201 398 1247 Quae
426 1199 509 1246 tibi,
539 1212 638 1249 quae
668 1200 734 1236 tali
763 1201 925 1237 reddam
954 1213 1024 1249 pro
1053 1201 1224 1238 carmine
1254 1202 1388 1239 dona?

119 1255 222 1291 Nam
252 1266 379 1302 neque
408 1266 471 1290 me
501 1260 653 1290 tantum
683 1252 874 1291 venientis
903 1253 1036 1291 sibilus
1065 1254 1197 1292 Austri

120 1308 205 1344 Nec
233 1319 416 1355 percussa
444 1306 578 1343 iuvant
607 1306 727 1343 fluctu
757 1314 836 1343 tam
865 1306 987 1353 litora⁷
1018 1319 1092 1344 nee
1121 1320 1222 1356 quae

119 1361 285 1397 Saxosas
314 1360 415 1397 inter
443 1360 653 1397 decurrunt
682 1359 842 1397 flumina
869 1361 999 1397 valles.

172 1414 249 1450 Me.
285 1414 374 1450 Hac
403 1419 441 1450 te
465 1425 537 1450 nos
564 1412 685 1461 fragili
712 1412 946 1450 donabimus
973 1421 1063 1451 ante
1090 1413 1226 1451 cicuta.
1393 1416 1438 1462 85

122 1468 235 1503 Haec
264 1479 335 1504 nos
365 1467 620 1503 ‘Formosum
650 1467 835 1514 Corydon
864 1467 1025 1504 ardebat
1052 1466 1229 1512 Alexim‚'

122 1522 236 1557 Haec
264 1520 401 1557 eadem
431 1519 565 1557 docuit
595 1518 747 1556 ‘cuium
776 1521 923 1567 pecus?
961 1532 1011 1556 an
1042 1519 1279 1557 Meliboei?

173 1574 253 1610 Mo.
285 1575 337 1610 At
364 1579 406 1610 tu
429 1585 539 1610 sume
564 1573 724 1621 pedum,
751 1573 868 1620 quod,
895 1585 957 1610 me
983 1585 1072 1609 cum
1100 1585 1219 1621 saepe
1246 1579 1407 1621 rogaret,

122 1628 215 1664 Non
244 1626 331 1662 tulit
360 1625 575 1673 Antigenes
605 1624 660 1675 (et
690 1633 770 1662 erat
799 1632 892 1662 tunc
922 1625 1062 1674 dignus
1091 1626 1229 1676 amari)

122 1681 351 1717 Formosum
380 1678 536 1727 paribus
566 1678 679 1716 nodis
708 1686 824 1727 atque
853 1691 952 1724 aere,
983 1680 1176 1717 Menalca.
1394 1693 1443 1727 90

617 1861 839 1898 ECLOGA
877 1861 948 1897 VI.

125 2000 264 2035 PR1MA
294 1995 495 2044 Syracosio
525 1995 685 2042 dignata
713 2001 770 2032 est
798 1995 930 2032 ludere
960 2007 1071 2032 versu

124 2052 267 2088 Nostra
295 2061 423 2097 neque
452 2048 603 2086 erubuit
631 2048 744 2085 silvas
771 2047 946 2085 habitare
974 2046 1122 2085 Thalia.

124 2105 226 2142 Cum
255 2114 434 2140 canerem
464 2113 573 2150 reges
603 2108 641 2138 et
669 2101 826 2149 proelia,
859 2100 1050 2149 Cynthius
1079 2113 1210 2137 aurem

125 2155 244 2193 Vellit
273 2161 310 2192 et
339 2154 570 2192 admonuit:
609 2154 846 2199 ‘Pastorem‚
877 2153 1020 2202 Tityre,
1050 2152 1213 2202 pingues
1425 2198 1431 2202 -

128 2210 314 2246 ‘Pascere
344 2214 499 2256 oportet
528 2219 630 2254 oves,
665 2206 877 2244 deductum
907 2205 1034 2244 dicere
1063 2206 1244 2244 carmen.’
1423 2216 1443 2254 5

128 2263 244 2299 Nunc
273 2273 345 2309 ego
376 2261 562 2309 <namque
592 2271 707 2307 super
736 2259 805 2297 tibi
835 2267 946 2313 erunt
975 2258 1040 2307 qui
1070 2260 1199 2297 dicere
1227 2259 1374 2304 laudes,
