1591 2479
113 96 160 130 24
441 84 488 123 P.
540 85 789 123 VERGJLJ
819 87 1099 126 MARONJS

110 187 199 225 Sole
228 188 299 224 sub
327 186 478 225 ardenti
505 196 687 226 resonant
716 190 872 226 arbusta
900 189 1055 228 cicadis.

111 240 256 278 Nonne
284 239 355 277 suit
385 240 515 283 satius,
545 241 670 278 tristes
699 241 947 290 Amaryllidis
976 242 1050 280 iras

110 294 240 341 Atque
269 294 438 341 supeiba
463 292 544 342 pati
572 293 753 331 fastidia?
791 307 922 333 nonne
953 296 1173 345 Menalcan,

110 344 298 393 Quamvis
327 345 391 383 ille
419 345 537 395 niger,
569 346 743 395 quamvis
771 353 813 384 tu
843 347 1034 386 candidus
1063 352 1198 388 esses?

111 399 147 436 O
176 399 343 437 formose
372 411 477 447 puer,
511 398 673 436 nimium
703 412 752 437 ne
781 401 896 438 crede
926 402 1094 449 eolori3

109 452 211 489 Alba
238 451 397 501 ligustra
425 452 582 499 cadunt,
613 453 788 490 vaccinia
817 453 925 502 nigra
952 455 1140 503 leguntur.

110 505 332 554 Despectus
363 504 432 542 tibi
462 518 560 551 sum,
591 518 665 544 nec
694 505 760 555 qui
790 506 861 544 sim
891 506 1055 555 quaeris,
1086 508 1211 556 Alexi,

110 558 238 605 Quam
268 558 375 596 dives
405 558 566 607 pecoris,
597 558 698 596 nivei
729 572 845 608 quam
874 559 984 597 lactis
1012 561 1240 599 abundans:

109 610 220 649 Mille
248 624 360 649 meae
388 610 526 649 Siculis
554 619 681 650 errant
709 612 748 649 in
778 613 975 651 montibus
1004 626 1148 662 agnae3

109 665 189 702 Lac
218 664 311 701 mihi
340 677 421 702 non
450 672 596 703 aestate
624 678 780 711 novum,
813 679 893 704 non
921 665 1059 715 frigore
1088 668 1195 705 defit.

109 718 248 762 Canto,
280 731 378 767 quae
408 717 553 764 solitus,
585 717 615 756 si
644 720 804 767 quando
833 728 1007 757 armenta
1034 721 1211 767 vocabat,

108 770 307 820 Amphion
338 771 526 809 Dircaeus
554 770 594 809 in
623 773 773 810 Actaeo
803 774 1068 821 Aracyntho&

109 825 194 862 Nec
222 837 306 862 sum
336 825 436 862 adeo
465 824 664 863 informis:
703 838 827 874 nuper
855 839 917 863 me
947 826 986 863 in
1016 826 1126 865 litore
1154 825 1243 872 vidi,

109 878 209 915 Cum
237 878 435 927 placidum
464 877 589 916 ventis
619 886 734 917 staret
763 892 895 926 mare3
931 892 1012 917 non
1041 892 1114 929 ego
1145 880 1343 929 Daphnim

109 929 244 969 Iudice
271 938 310 969 te
339 938 522 977 metuam,
553 930 585 969 si
612 945 813 980 nunquam
842 931 937 970 fallit
963 931 1106 982 imago.

107 985 143 1023 O
172 991 324 1022 tantum
353 985 471 1023 libeat
501 997 653 1022 mecum
684 985 754 1023 tibi
783 985 940 1023 sordida
966 999 1054 1023 rura

107 1039 237 1086 Atque
266 1037 430 1076 humiles
459 1038 632 1088 habitare
662 1051 782 1085 casas,
815 1046 853 1076 et
883 1040 997 1087 figere
1027 1051 1173 1087 cervos,

109 1091 419 1140 Haedorumque
447 1104 602 1141 gregem
631 1091 742 1130 viridi
772 1093 1005 1141 compellere
1034 1092 1210 1131 hibisco!

109 1145 268 1182 Mecum
298 1157 375 1182 una
403 1144 443 1181 in
472 1145 576 1183 silvis
606 1144 805 1183 imitabere
836 1147 942 1182 Pana
970 1147 1178 1194 canendo.⁴

108 1198 190 1234 Pan
219 1198 385 1247 primum
415 1199 584 1236 calamos
614 1211 701 1236 cera
729 1198 966 1248 coniungere
994 1199 1122 1248 plures

109 1250 290 1298 Instituit,
322 1252 405 1289 Pan
435 1259 543 1290 curat
572 1264 664 1289 oves
694 1251 903 1301 oviumque
933 1251 1147 1301 magistros.

108 1305 194 1341 Nec
223 1312 260 1342 te
290 1305 489 1354 paeniteat
518 1306 668 1343 calamo
699 1304 847 1343 trivisse
876 1305 1083 1342 labellum:

108 1358 222 1395 Haec
251 1358 389 1395 eadem
419 1365 459 1396 ut
489 1357 612 1404 sciret,
645 1357 738 1407 quid
769 1371 849 1396 non
877 1358 1044 1396 faciebat
1074 1360 1294 1408 Amyntas?

108 1411 178 1448 Est
206 1410 300 1448 mihi
329 1411 548 1460 disparibus
576 1419 728 1460 septem
758 1418 963 1460 compacta
992 1411 1127 1449 cicutis

108 1463 263 1509 Fistula,
297 1465 511 1503 Damoetas
540 1465 646 1503 dono
675 1464 769 1502 mihi
797 1477 914 1513 quam
945 1464 1052 1503 dedit
1081 1465 1172 1502 olim

108 1518 158 1554 Et
187 1517 280 1555 dixit
309 1517 501 1557 moriens:
544 1519 624 1556 ‘Te
653 1531 758 1555 nunc
786 1519 905 1556 habet
933 1517 1006 1555 ista
1034 1518 1249 1556 secundum
1269 1519 1298 1554 :'

107 1569 216 1608 Dixit
245 1572 469 1617 Damoetas,
500 1570 637 1609 invidit
666 1572 803 1609 stultus
833 1573 1032 1620 Amyntas.

106 1624 309 1662 Praeterea
338 1625 419 1662 duo
448 1637 521 1662 nec
550 1632 632 1662 tuta
660 1623 753 1661 mihi
782 1624 880 1662 valle
909 1624 1049 1673 reperti

107 1677 300 1726 Capreoli,
331 1677 469 1726 sparsis
500 1678 615 1715 etiam
646 1690 751 1715 nunc
779 1677 943 1726 pellibus
972 1678 1062 1715 albo
1078 1691 1088 1725 3

107 1730 206 1768 Bina
234 1730 297 1769 die
326 1732 473 1768 siccant
503 1731 584 1768 ovis
613 1731 754 1768 ubera:
793 1743 892 1779 quos
921 1729 991 1768 tibi
1020 1743 1139 1768 servo.

106 1783 191 1821 Iam
220 1784 370 1832 pridem
400 1797 422 1820 a
449 1797 512 1821 me
541 1783 627 1822 illos
656 1784 848 1822 abducere
877 1783 1071 1832 Thestylis
1100 1790 1205 1830 orat3

106 1837 156 1874 Et
183 1837 308 1883 saciet,
339 1836 525 1886 quoniam
555 1838 712 1875 sordent
741 1837 808 1885 tibi
840 1850 997 1874 munera
1026 1844 1168 1874 nostra.

107 1891 199 1927 Huc
227 1891 331 1935 ades,
363 1903 386 1928 ο
415 1892 584 1928 formose
612 1886 735 1939 puer‘i
768 1888 837 1927 tibi
865 1889 944 1926 lilia
974 1889 1097 1938 plenis

107 1945 209 1981 Ecce
237 1943 362 1981 ferunt
392 1944 598 1992 Nymphae
626 1942 814 1989 calathis;
853 1942 919 1980 tibi
950 1942 1118 1980 candida
1148 1941 1255 1988 Nais,

107 1997 300 2034 Pallentes
328 1995 447 2034 violas
477 2004 516 2034 et
544 2009 696 2034 summa
723 2008 916 2045 papavera
944 2008 1122 2044 carpens,

107 2049 331 2087 Narcissum
362 2058 399 2087 et
427 2050 561 2087 florem
589 2048 711 2098 iungit
741 2049 840 2086 bene
871 2048 1008 2086 olentis
1037 2047 1192 2095 anethi;

105 2103 208 2140 Tum
238 2101 342 2139 casia
370 2110 486 2150 atque
515 2102 598 2140 aliis
627 2102 804 2140 intexens
835 2101 1017 2140 suavibus
1045 2101 1174 2139 herbis

108 2155 245 2192 Mollia
273 2156 417 2193 luteola
446 2155 568 2204 pingit
596 2154 770 2193 vaccinia
798 2156 932 2200 calta.⁹

107 2209 197 2256 lpse
226 2221 298 2257 ego
327 2221 424 2245 cana
453 2210 577 2257 legam
607 2214 739 2245 tenera
767 2206 949 2256 lanugine
979 2208 1081 2244 mala

106 2263 397 2310 Castaneasque
425 2273 556 2308 nuces,
587 2273 674 2298 mea
703 2273 799 2309 quas
830 2259 1033 2309 Amaryllis
1062 2260 1243 2307 amabat3

1379 313 1421 349 15

1369 1370 1416 1408 35

1368 1638 1419 1671 40

1367 1901 1413 1938 45

1368 2166 1416 2204 50
