1591 2479
127 92 176 139 38
462 94 507 129 P.
559 93 811 131 VERGJLJ
839 95 1117 133 MARONJS

127 193 236 242 (Dux
263 205 337 242 ego
363 200 490 231 vester
519 193 641 243 eram)
670 193 750 232 vidi
779 207 868 232 cum
897 203 1019 233 matre
1047 197 1251 246 legentem.
1473 227 1475 229 -

127 248 235 285 Alter
262 249 312 284 ab
341 245 553 284 undecimo
582 254 664 284 tum
692 259 756 284 me
784 246 859 284 iam
889 256 1093 297 acceperat
1121 262 1272 297 annus3
1398 263 1448 297 40

127 300 214 337 Iam
242 300 394 349 fragiles
422 306 600 348 poteram
629 300 680 338 ab
709 306 808 338 terra
835 300 1061 350 contingere
1089 315 1230 342 ramos,
1407 303 1410 306 ’

127 353 184 390 Ut
212 351 302 398 vidi,
332 360 375 390 ut
403 351 508 401 perii,
539 359 582 390 ut
609 365 673 390 me
701 354 825 391 malus
854 354 1015 392 abstulit
1043 358 1168 394 error!

179 404 316 454 Incipe
346 405 565 443 Maenalios
592 418 759 452 mecum,
791 419 879 444 mea
905 406 1010 454 tibia,
1040 421 1182 447 versus.

128 459 243 496 Nunc
272 458 364 506 scio,
394 458 491 507 quid
519 458 567 496 sit
597 461 728 497 Amor.
787 459 904 498 Duris
933 459 972 498 in
1000 460 1154 500 cotibus
1180 461 1288 499 illum

126 514 207 550 Aut
235 513 401 549 Tmaros
429 519 497 549 aut
525 513 724 561 Rhodope
753 520 819 550 aut
847 514 1007 551 extremi
1036 515 1291 553 Garamantes
1399 526 1446 565 45

129 566 213 603 Nec
240 564 391 614 generis
419 565 540 603 nostri
569 578 731 614 puerum
762 579 835 604 nec
863 566 1063 616 sanguinis
1091 569 1223 606 edunt.

181 618 319 668 Incipe
349 618 568 656 Maenalios
598 631 763 666 mecum,
791 632 880 657 mea
908 619 1014 667 tibia,
1043 633 1183 659 versus.

128 673 273 710 Saevus
303 674 423 710 Amor
452 671 586 710 docuit
613 679 794 710 natorum
824 673 1010 722 sanguine
1040 681 1200 712 matrem

129 726 424 764 Commaculare
453 738 616 772 manus;
654 725 820 764 crudelis
849 733 890 764 tu
920 739 1089 775 quoque,
1119 735 1253 774 mater,

128 778 305 818 Crudelis
334 786 466 824 mater,
498 777 620 827 magis
651 786 690 817 at
718 792 815 828 puer
843 779 1043 829 improbus
1072 780 1146 818 ille.
1403 792 1451 829 50

129 833 335 881 Improbus
364 832 427 869 ille
457 845 577 881 puer3
614 833 782 871 crudelis
811 840 849 870 tu
879 845 1048 882 quoque,
1078 842 1209 872 mater.

183 886 317 935 Incipe
348 885 565 923 Maenalios
595 898 761 931 mecum,
792 899 878 924 mea
907 885 1012 933 tibia,
1042 900 1182 925 versus.

130 940 247 976 Nunc
276 946 314 976 et
342 951 434 976 oves
462 939 562 976 ultro
590 939 711 988 fugiat
740 941 864 988 lupus,
896 953 1012 978 aurea
1040 942 1159 978 durae

130 993 237 1030 Mala
266 993 387 1030 ferant
418 1005 594 1040 quercus,
624 993 796 1031 narcisso
825 994 959 1031 floreat
987 995 1109 1040 alnus,

130 1045 291 1094 Pinguia
318 1045 526 1083 corticibus
555 1047 698 1084 sudent
728 1047 870 1084 electra
898 1047 1077 1096 myricae,
1402 1058 1449 1096 55

130 1100 290 1137 Certent
319 1106 357 1137 et
385 1099 517 1148 cycnis
546 1100 684 1148 ululae,
719 1099 766 1137 sit
796 1100 950 1149 Tityrus
980 1102 1173 1149 Orpheus,

130 1153 312 1202 Orpheus
340 1151 380 1189 in
409 1152 525 1199 silvis,
556 1152 657 1191 inter
685 1152 890 1203 delphinas
921 1154 1053 1191 Arion.

180 1205 318 1255 Incipe
349 1207 567 1244 Maenalios
597 1220 765 1253 mecum,
792 1219 881 1244 mea
906 1206 1011 1252 tibia,
1038 1220 1180 1245 versus.

129 1259 273 1298 Omnia
302 1260 363 1297 vel
393 1259 566 1297 medium
596 1262 662 1298 fiat
691 1273 806 1298 mare.
865 1260 1006 1306 Vivite,
1036 1259 1178 1299 silvae:

128 1314 318 1362 Praeceps
346 1312 438 1351 aerii
466 1314 628 1363 specula
656 1314 706 1352 de
734 1314 880 1352 montis
908 1313 947 1351 in
977 1314 1101 1352 undas
1403 1315 1452 1351 60

129 1367 313 1413 Deferar3
354 1373 568 1405 extremum
598 1368 674 1405 hoc
703 1380 844 1404 munus
873 1366 1074 1405 morientis
1102 1368 1256 1406 habeto.

182 1420 329 1458 Desine
360 1420 591 1468 Maenalios,
622 1421 699 1458 iam
728 1420 874 1467 desine,
904 1419 1011 1466 tibia,
1041 1422 1197 1459 versus.’

181 1475 295 1511 Haec
325 1474 507 1511 Damon:
545 1486 625 1520 vos,
656 1488 757 1523 quae
786 1473 1033 1523 responderit
1063 1473 1364 1523 Alphesiboeus,

129 1526 268 1573 Dicite,
302 1526 495 1574 Pierides3
533 1540 612 1565 non
644 1528 778 1565 omnia
807 1540 1015 1576 possumus
1045 1540 1194 1565 omnes.

178 1581 229 1617 A.
262 1585 270 1600 ‘
286 1582 389 1619 Effer
414 1594 569 1630 aquam,
591 1588 630 1619 et
656 1581 765 1619 molli
792 1581 904 1630 cinge
931 1582 1029 1619 haec
1058 1581 1192 1619 altaria
1217 1580 1323 1627 vitta,
1403 1583 1449 1630 65

125 1635 406 1683 Verbenasque
434 1635 550 1673 adole
578 1634 739 1684 pingues
770 1642 808 1673 et
837 1635 1009 1672 mascula
1036 1642 1131 1680 tura,

128 1687 315 1736 Coniugis
344 1695 386 1725 ut
415 1687 575 1737 magicis
604 1701 720 1726 sanos
749 1696 921 1726 avertere
951 1687 1067 1726 sacris

128 1741 314 1790 Experiar
342 1754 502 1788 sensus3
539 1741 635 1779 nihil
664 1741 727 1779 hic
756 1741 829 1778 nisi
859 1741 1031 1779 carmina
1058 1741 1218 1779 desunt:

182 1794 323 1832 Ducite
350 1795 399 1833 ab
428 1796 523 1833 urbe
551 1795 726 1841 domum,
755 1808 844 1832 mea
869 1794 1051 1840 carmina,
1077 1794 1209 1832 ducite
1239 1793 1449 1844 Daphnim.

128 1847 312 1887 Carmina
340 1849 400 1885 vel
429 1850 538 1886 caelo
567 1856 732 1898 possunt
760 1849 954 1886 deducere
985 1850 1163 1895 Lunam3
1404 1859 1452 1895 70

128 1901 376 1940 Carminibus
406 1901 519 1940 Circe
548 1901 676 1940 socios
705 1902 868 1939 mutavit
896 1902 1028 1948 Ulixi3

128 1955 304 2004 Frigidus
332 1955 371 1992 in
400 1954 518 2004 pratis
546 1955 743 1993 cantando
770 1954 958 2004 rumpitur
985 1953 1131 2003 anguis.

181 2007 325 2056 Ducite
351 2010 400 2046 ab
424 2010 519 2046 urbe
545 2009 720 2054 domum,
748 2021 836 2046 mea
863 2007 1045 2054 carmina,
1073 2006 1206 2045 ducite
1235 2006 1450 2056 Daphnim.

127 2062 258 2099 Terna
284 2061 355 2099 tibi
384 2062 481 2099 haec
508 2061 677 2111 primum
708 2060 845 2110 triplici
875 2060 1027 2099 diversa
1054 2062 1183 2098 colore

129 2114 237 2152 Licia
264 2114 476 2160 circumdo,
506 2122 641 2164 terque
671 2116 768 2152 haec
796 2114 932 2152 altaria
960 2114 1105 2152 circum
1406 2125 1449 2163 75

131 2168 307 2217 Effigiem
337 2169 466 2214 duco3
504 2181 666 2206 numero
696 2168 792 2205 deus
822 2167 968 2217 impare
995 2167 1149 2216 gaudet.

185 2219 346 2272 [Ducite
366 2222 415 2258 ab
437 2222 530 2258 urbe
552 2222 726 2266 domum,
751 2233 837 2258 mea
857 2220 1041 2266 carmina,
1064 2219 1194 2258 ducite
1223 2217 1453 2271 Daphnim]

132 2275 258 2312 Necte
289 2274 406 2311 tribus
435 2273 550 2312 nodis
580 2281 721 2317 ternos,
752 2273 950 2323 Amarylli,
979 2275 1153 2320 colores3
