1611 2509
452 73 767 112 BUCOLICA.
825 73 950 110 ECL.
984 72 1030 109 X.
1359 82 1407 119 43

80 179 173 216 ‘Me
203 177 287 216 sine
316 178 399 216 sola
428 176 548 215 vides.
607 177 668 214 Ah
699 183 737 214 te
766 189 816 214 ne
845 176 986 226 frigora
1015 175 1195 213 laedant!

79 233 166 269 ‘Ah
195 231 266 269 tibi
295 244 344 269 ne
375 238 527 268 teneras
552 230 695 279 glacies
725 237 830 268 secet
855 242 992 279 aspera
1019 231 1196 278 plantas!

81 286 190 332 ‘Ibo‚
222 293 261 322 et
290 284 521 323 Chalcidico
550 296 652 332 quae
681 291 772 322 sunt
801 283 896 320 mihi
926 282 1088 321 condita
1116 295 1227 320 versu
1356 292 1405 330 50

80 337 288 377 ‘Carmina
316 337 480 397 pas-toris
510 337 627 375 Siculi
660 338 894 375 modulabor
922 349 1058 375 avena,

80 393 263 430 ‘Certum
294 400 351 429 est
381 390 419 428 in
450 390 566 435 silvis,
597 390 698 429 inter
726 392 884 440 spelaea
911 391 1089 436 ferarum,

80 446 225 482 ‘Malle
254 444 347 494 pati,
379 443 600 493 tenerisque
629 457 740 482 meos
770 443 942 482 incidere
972 456 1124 482 amores

80 498 344 537 ‘Arboribusz
379 505 557 536 crescent
585 497 684 545 illae,
714 497 896 536 crescetis
925 510 1088 536 amores.

80 553 263 590 ‘Interea
292 550 420 590 mixtis
450 552 624 590 lustrabo
656 552 840 590 Maenala
870 550 1074 602 Nymphis,
1361 561 1407 599 55

81 607 183 644 ‘Aut
211 619 319 644 acres
348 607 522 644 venabor
551 618 676 655 apros.
737 606 830 643 Non
861 618 923 643 me
954 606 1032 642 ulla
1060 605 1249 642 vetabunt

80 662 89 680 ‘
106 658 263 709 Frigora
291 659 521 699 Parthenios
550 658 713 698 canibus
742 658 984 697 circumdare
1014 659 1144 696 saltus.

81 714 192 751 ‘Iam
220 713 316 752 mihi
345 726 416 763 per
442 726 560 764 rupes
587 712 723 752 videor
751 714 939 762 lucosque
970 719 1154 750 sonantes

83 767 180 814 ‘Ire,
207 766 303 806 libet
333 767 478 806 Partho
506 774 688 816 torquere
718 766 898 816 Cydonia
923 779 1045 804 cornu

83 821 553 870 ‘Spicula—Tamquam
582 822 681 858 haec
709 820 757 858 sit
787 819 908 858 nostri
938 818 1134 858 medicina
1162 819 1307 865 furoris,
1359 821 1408 856 60

89 877 190 913 ‘Aut
217 875 316 913 deus
344 873 409 912 ille
440 873 553 911 malis
583 873 787 911 hominum
816 873 1020 912 mitescere
1049 873 1200 911 discat!

84 929 194 966 ‘Iam
223 940 353 977 neque
384 928 685 977 Hamadryades
714 940 843 965 rursus
873 939 1002 976 neque
1031 926 1205 964 carmina
1233 926 1347 964 nobis

85 983 200 1030 ‘Ipsa
229 982 384 1030 placent
398 994 409 1028 3
446 980 553 1029 ipsae
581 993 710 1019 rursus
738 980 946 1019 concedite
975 979 1104 1018 silvae.

87 1036 208 1073 ‘Non
237 1035 346 1072 illum
375 1034 498 1072 nostri
527 1041 693 1083 possunt
722 1043 871 1072 mutare
901 1034 1076 1072 labores:

88 1090 196 1126 ‘Nec
224 1087 255 1126 si
284 1087 488 1137 frigoribus
518 1087 658 1125 mediis
691 1089 950 1137 Hebrumque
979 1087 1171 1133 bibamus,
1365 1089 1411 1135 65

87 1141 382 1191 ‘Sithoniasque
413 1141 521 1179 nives
551 1141 689 1179 hiemis
719 1142 929 1179 subeamus
957 1154 1141 1190 aquosae,

87 1197 199 1233 ‘Nec
227 1194 270 1242 si,
300 1208 390 1233 cum
420 1194 588 1232 moriens
618 1195 696 1232 alta
725 1195 820 1233 liber
848 1202 930 1233 aret
958 1194 998 1232 in
1028 1196 1148 1240 ulmo,

88 1248 350 1298 ‘Aethiopum
381 1261 578 1287 versemus
607 1261 700 1286 oves
730 1250 802 1286 sub
833 1248 958 1286 sidere
989 1247 1141 1287 Cancri.

89 1302 257 1341 ‘Omnia
284 1301 403 1340 vincit
434 1304 580 1340 Amor:
620 1309 658 1340 et
688 1315 760 1340 nos
791 1303 977 1340 cedamus
1007 1301 1167 1339 Amori.'

146 1409 260 1444 Haec
290 1414 349 1443 sat
379 1405 458 1451 erit,
490 1405 613 1450 divae,
644 1412 815 1442 vestrum
846 1403 1033 1442 cecinisse
1063 1411 1234 1453 poetam,
1370 1415 1416 1451 70

90 1463 197 1498 Dum
227 1459 336 1497 sedet
366 1466 404 1497 et
432 1458 564 1508 gracili
593 1459 777 1496 fiscellam
810 1457 902 1496 texit
933 1457 1096 1505 hibisco,

65 1553 67 1555 ,
91 1514 286 1553 Pierides:
325 1526 395 1550 vos
425 1513 522 1550 haec
552 1511 701 1550 facietis
732 1511 901 1549 maxima
930 1512 1055 1557 Gallo,

90 1569 215 1613 Gallo,
246 1565 356 1604 cuius
385 1579 495 1604 amor
523 1573 674 1603 tantum
705 1565 798 1602 mihi
828 1564 967 1602 crescit
996 1564 1034 1601 in
1066 1565 1192 1609 horas,

91 1623 293 1671 Quantum
323 1633 410 1658 vere
441 1632 545 1657 novo
571 1619 701 1657 viridis
732 1632 772 1656 se
802 1618 943 1656 subicit
971 1619 1094 1655 alnus.

91 1678 310 1724 SurgamuS.
369 1674 474 1711 Solet
504 1685 588 1711 esse
617 1672 744 1722 gravis
775 1671 1022 1709 cantantibus
1050 1673 1200 1716 umbra,
1372 1683 1415 1720 75

92 1727 266 1777 Iuniperi
295 1726 419 1776 gravis
448 1727 597 1772 umbra,
629 1733 773 1763 nocent
803 1733 840 1763 et
869 1724 1038 1774 frugibus
1069 1726 1240 1762 umbrae.

93 1785 153 1821 Ite
182 1782 344 1819 domum
374 1788 537 1826 saturae,
571 1779 674 1818 veuit
708 1781 920 1829 Hesperus,
951 1778 1003 1817 ite
1031 1779 1216 1828 capellae.
