1591 2479
137 84 184 120 26
468 83 514 120 P.
565 82 818 120 VERGJLI
847 82 1127 121 MARONJS

187 191 242 227 D.
283 190 363 226 Aut
391 188 455 225 hic
483 188 534 226 ad
562 195 710 226 veteres
739 188 847 236 fagos
876 200 965 225 cum
996 185 1218 236 Daphnidis
1246 199 1376 224 arcum

140 241 297 292 Fregisti
326 249 364 280 et
393 242 590 279 calamos:
628 253 728 290 quae
756 247 809 286 tu,
840 253 1018 289 perverse
1049 241 1243 285 Menalca,

135 297 186 333 Et
215 308 304 333 cum
334 294 464 333 vidisti
493 307 615 343 puero
643 295 800 340 donata,
832 294 1005 337 dolebas,

135 350 187 386 Et
216 348 248 386 si
276 361 357 386 non
385 347 516 395 aliqua
544 347 756 390 nocuisses,
786 356 961 384 mortuus
990 359 1104 384 esses.
1409 357 1451 395 15

188 403 250 439 M.
290 400 395 450 Quid
424 400 573 439 domini
601 400 756 443 faciant,
785 401 932 438 audent
961 412 1049 437 curn
1078 398 1170 437 talia
1198 399 1331 437 fures?

137 456 229 492 Non
258 467 331 504 ego
360 461 397 491 te
426 453 508 491 vidi
538 453 741 498 Damonis,
772 453 953 502 pessime,
983 465 1143 501 caprum

137 507 326 557 Excipere
354 507 515 553 insidiis,
546 508 712 544 multum
740 507 904 544 latrante
934 506 1126 565 Lycisca?

136 563 187 599 Et
214 574 302 599 cum
332 562 579 598 clamarem‘
596 560 688 608 Quo
718 572 822 597 nunc
852 572 893 597 se
921 559 1084 608 proripit
1112 559 1208 596 ille?

137 614 280 663 Tityre,
311 626 425 673 coge
437 614 607 662 pecus?'
637 621 679 650 tu
707 621 798 672 post
826 621 976 650 carecta
1005 613 1164 650 latebas.
1409 625 1457 649 20

187 669 243 704 D.
282 670 345 705 An
374 653 470 704 mrhi
499 667 695 704 cantando
723 666 847 704 victus
876 678 956 702 non
985 666 1164 703 redderet
1190 664 1254 702 ille

135 722 264 770 Quem
293 733 380 759 mea
408 719 643 757 carminibus
671 719 873 757 meruisset
901 720 1030 756 fistula
1057 720 1246 767 caprum?

134 775 173 813 Si
203 773 339 821 nescis,
373 786 483 812 meus
511 773 576 811 ille
604 785 721 822 caper
748 773 819 810 fuit
834 787 844 819 3
884 781 922 810 et
951 771 1046 809 mihi
1075 773 1235 809 Damon

136 829 228 877 Ipse
257 828 472 874 fatebatur5
509 827 580 865 sed
607 827 769 864 reddere
799 838 915 875 posse
943 826 1121 874 negabat.

188 882 248 919 M.
290 881 500 920 Cantando
529 887 572 918 tu
600 879 740 917 illum?
776 887 842 916 aut
870 891 1056 927 umquam
1085 877 1154 916 tibi
1184 878 1315 916 fistula
1343 891 1431 916 cera

136 936 276 972 Iuncta
303 934 402 972 fuit?
439 946 519 971 non
548 942 589 970 tu
619 933 658 970 in
687 932 816 978 triviis,
847 931 1017 978 indocte,
1049 932 1204 969 solebas
1409 933 1455 968 26

134 987 318 1026 Stridenti
347 986 532 1025 miserum
562 986 704 1035 stipula
732 985 957 1034 disperdere
986 986 1175 1023 carmen?

188 1043 242 1079 D.
283 1041 354 1078 Vis
382 1053 473 1089 ergo
501 1039 602 1077 inter
629 1052 701 1077 nos
730 1039 823 1088 quid
854 1037 975 1087 possit
1003 1046 1165 1087 uterque
1191 1037 1357 1076 vicissim

135 1093 421 1144 Experiamur?
458 1106 530 1143 ego
560 1093 662 1130 hanc
691 1092 852 1129 vitulam
883 1091 948 1143 (ne
977 1092 1075 1129 forte
1103 1104 1268 1137 recuseS,

135 1147 203 1185 Bis
235 1147 339 1185 venit
367 1148 418 1185 ad
447 1147 665 1192 mulctram,
696 1145 810 1184 binos
839 1145 907 1182 alit
935 1146 1054 1182 ubere
1083 1145 1198 1193 fetus)
1409 1157 1456 1192 30

138 1202 331 1249 Depono:
370 1208 411 1238 tu
441 1199 515 1245 dic,
545 1212 701 1237 mecum
731 1211 809 1247 quo
839 1198 999 1247 pignore
1029 1205 1163 1235 certes.

187 1255 247 1291 M.
290 1256 351 1291 De
379 1266 493 1303 grege
521 1266 600 1290 non
630 1252 753 1290 ausim
785 1253 995 1301 quicquam
1024 1252 1222 1299 deponere
1250 1257 1402 1288 tecum:

137 1309 206 1345 Est
234 1307 328 1344 mihi
357 1319 526 1355 namque
555 1306 663 1343 domi
690 1312 810 1354 pater,
841 1314 898 1342 est
926 1305 1068 1342 iniusta
1096 1317 1287 1351 noverca3

138 1361 280 1410 Bisque
309 1360 372 1398 die
401 1368 607 1398 numerant
635 1359 752 1396 ambo
782 1371 915 1408 pecus,
944 1359 1040 1395 alter
1070 1365 1107 1395 et
1136 1358 1293 1395 haedos.

136 1416 295 1461 Verum,
324 1414 365 1451 id
394 1414 502 1463 quod
532 1413 655 1450 multo
685 1419 766 1450 tute
795 1411 877 1461 ipse
905 1412 1077 1448 fatebere
1107 1410 1242 1456 maius,
1407 1422 1453 1459 35

136 1467 330 1517 (Insanire
358 1467 452 1505 libet
481 1465 666 1515 quoniam
695 1465 778 1513 tibi)
810 1465 954 1514 pocula
980 1476 1128 1513 ponam

136 1521 293 1570 Fagina,
323 1521 513 1558 caelatum
544 1518 663 1557 divini
693 1532 791 1568 opus
820 1517 1129 1555 Alcimedontis:

136 1575 261 1612 Lenta
289 1573 429 1622 quibus
457 1580 571 1610 torno
599 1572 701 1610 facili
729 1585 845 1621 super
871 1571 1007 1608 addita
1036 1570 1121 1607 vitis

137 1628 310 1665 Diffusos
340 1627 484 1665 hedera
510 1626 627 1664 vestit
655 1626 826 1674 pallente
855 1625 1069 1673 corymbos.

136 1682 184 1718 In
213 1681 344 1719 medio
373 1681 451 1718 duo
481 1679 601 1729 signa,
632 1679 774 1718 Conon
804 1677 983 1726 et-—quis
1011 1677 1081 1714 fuit
1110 1676 1215 1722 alter,
1407 1689 1458 1722 40

137 1734 352 1783 Descripsit
380 1734 489 1771 radio
518 1740 645 1770 totum
674 1731 741 1780 qui
769 1730 949 1781 gentibus
978 1730 1125 1776 orbem,

135 1789 331 1836 Tempora
359 1800 460 1836 quae
488 1799 646 1831 messor,
678 1798 777 1834 quae
806 1797 944 1823 curvus
973 1791 1100 1821 arator
1127 1783 1319 1820 haberet?

136 1842 317 1879 Necdum
346 1839 420 1877 illis
449 1841 555 1877 labra
583 1838 750 1885 admovi,
783 1839 850 1876 sed
881 1837 1040 1876 condita
1067 1848 1186 1874 servo.

188 1896 241 1931 D.
285 1895 333 1931 Et
363 1893 475 1931 nobis
504 1892 609 1930 idem
639 1892 874 1929 Alcimedon
903 1892 984 1928 duo
1012 1890 1153 1939 pocula
1181 1888 1283 1934 fecit,

136 1949 186 1984 Et
217 1947 325 1985 molli
353 1946 500 1983 circum
529 1953 587 1983 est
616 1958 729 1982 ansas
758 1945 960 1993 amplexus
989 1943 1169 1988 acantho,
1407 1952 1454 1991 45

136 2002 371 2050 Orpheaque
401 1999 439 2036 in
470 1998 601 2037 medio
631 1998 760 2047 posuit
790 1998 983 2046 silvasque
1012 2004 1242 2045 sequentes,

137 2055 318 2092 Necdum
347 2053 420 2090 illis
448 2053 555 2089 labra
583 2052 751 2097 admovi,
782 2052 851 2089 sed
879 2049 1040 2088 condita
1068 2061 1188 2087 servo.

135 2108 174 2145 Si
203 2109 254 2144 ad
284 2106 443 2144 vitulam
474 2112 637 2154 spectas,
669 2104 765 2142 nihil
794 2112 851 2142 est
881 2104 988 2152 quod
1017 2103 1158 2151 pocula
1185 2101 1327 2139 laudes.

192 2161 251 2197 M.
294 2161 522 2208 Numquam
551 2158 670 2196 hodie
700 2157 886 2206 effugies3
918 2155 1071 2194 veniam
1101 2167 1349 2204 quocumque

347 2211 496 2249 vocaris
514 2226 522 2257 3

137 2267 283 2304 Audiat
313 2267 408 2303 haec
436 2265 703 2303 tantum—vel
732 2264 797 2313 qui
825 2262 929 2301 venit
958 2276 1050 2301 ecce
1085 2263 1300 2299 Palaemon.
1409 2272 1457 2308 50
