1591 2479
125 107 174 153 36
456 104 501 140 P.
554 101 803 140 VERGJLJ
833 100 1112 139 MARONJS

183 209 224 245 T.
256 205 390 245 Sinum
419 205 529 243 lactis
559 210 598 242 et
625 205 723 242 haec
752 211 790 242 te
819 203 910 250 liba,
939 202 1089 252 Priape,
1119 203 1329 252 quotannis

125 263 343 309 Expectare
371 266 430 296 sat
454 265 536 296 est:
573 265 705 295 custos
737 269 777 295 es
806 255 985 306 pauperis
1013 255 1124 294 horti.

126 315 245 352 Nunc
273 320 312 351 te
342 323 602 350 marmoreum
632 323 701 359 pro
731 318 906 359 tempore
937 308 1124 356 fecimu83
1161 316 1200 347 at
1227 316 1269 346 tu
1397 319 1444 358 35

127 367 166 406 Si
198 368 321 405 fetura
348 377 504 415 gregem
533 364 779 414 suppleverit,
811 375 948 401 aureus
977 370 1072 401 esto.

185 421 224 459 C.
258 418 404 457 Nerine
434 418 609 464 Galatea,
637 418 771 467 thymo
800 415 896 454 mihi
922 416 1075 454 dulcior
1106 417 1275 466 Hyblae,

128 473 344 513 Candidior
373 471 516 522 cycnis,
549 471 693 509 hedera
723 469 929 508 formosior
958 470 1058 515 alba,

127 529 229 567 Cum
259 526 430 576 primum
460 523 560 574 pasti
598 531 776 573 repetent
804 521 1032 573 praesaepia
1061 524 1170 570 tauri,

131 581 169 619 Si
198 593 277 629 qua
307 579 362 617 tui
393 578 613 628 Corydonis
643 577 761 615 habet
790 585 828 615 te
856 589 957 623 cura,
991 576 1131 614 venito.
1400 588 1448 621 40

186 635 228 672 T.
269 635 399 671 Immo
429 645 501 681 ego
530 630 728 670 Sardoniis
756 630 889 668 videar
918 629 987 668 tibi
1016 628 1181 667 amarior
1211 628 1351 675 herbis,

132 686 337 725 Horridior
365 698 489 732 rusco,
521 684 694 734 proiecta
722 683 833 721 vilior
860 684 959 732 alga,

129 741 167 779 Si
198 740 291 778 mibi
321 752 401 777 non
429 740 527 776 haec
556 739 620 775 lux
650 744 734 775 toto
762 737 839 774 iam
872 736 1023 785 longior
1051 749 1155 773 anno
1186 743 1254 773 est.

131 796 190 833 Ite
220 795 381 832 domum
412 791 524 841 pasti,
559 791 590 829 si
618 790 703 840 quis
732 790 870 840 pudor,
901 790 953 827 ite
982 790 1146 827 iuvenci.

190 848 230 886 C.
274 845 450 884 Muscosi
478 846 605 883 fontes
634 851 672 882 et
703 856 842 882 somno
872 843 1025 881 mollior
1053 844 1184 889 herba,
1401 856 1448 893 45

131 903 180 939 Et
208 913 309 950 quae
339 912 409 938 vos
438 912 520 936 rara
550 897 680 935 viridis
711 897 806 946 tegit
834 899 992 934 arbutus
1022 897 1170 943 umbra,

131 954 345 993 Solstitium
374 953 505 1002 pecori
537 951 760 997 defendite3
798 950 875 988 iam
902 950 1007 988 venit
1038 957 1164 987 aestas

130 1009 306 1054 Torrida,
338 1006 415 1045 iam
445 1007 552 1044 lento
583 1011 735 1054 turgent
764 1003 803 1041 in
834 1004 993 1053 palmite
1021 1016 1208 1052 gemmae.

187 1063 230 1099 T.
272 1060 352 1098 Hic
377 1061 486 1097 focus
513 1066 551 1097 et
579 1060 717 1096 taedae
746 1057 919 1107 pingues,
946 1056 1008 1094 hic
1037 1056 1223 1106 plurimus
1249 1055 1347 1105 ignis

131 1117 293 1164 Semper
323 1121 361 1152 et
390 1112 555 1151 adsidua
584 1119 717 1161 postes
746 1110 904 1160 fuligine
935 1110 1057 1159 nigri3
1404 1122 1451 1158 50

134 1169 213 1206 Hic
243 1175 392 1206 tantum
424 1168 573 1204 Boreae
602 1177 781 1202 curamus
809 1164 959 1213 frigora,
993 1170 1183 1212 quantum

131 1225 210 1260 Aut
240 1233 446 1259 numerum
476 1221 592 1268 lupus
620 1227 685 1256 aut
713 1218 896 1255 torrentia
926 1217 1087 1254 flumina
1115 1217 1224 1266 ripas.

189 1275 230 1313 C.
270 1277 381 1313 Stant
409 1281 448 1312 et
476 1272 639 1322 iuniperi
667 1279 706 1310 et
734 1280 939 1308 castaneae
968 1270 1136 1308 hirsutae
1151 1283 1161 1316 3

133 1331 258 1367 Strata
286 1327 413 1366 iacent
443 1325 589 1376 passim
618 1338 688 1362 sua
719 1337 873 1374 quaque
902 1325 975 1362 sub
1003 1325 1140 1362 arbore
1170 1336 1312 1374 pon1a3

134 1382 279 1421 Omnia
307 1394 411 1418 nunc
440 1379 592 1427 rident3
631 1386 669 1416 at
698 1378 729 1415 si
760 1379 952 1416 formosus
981 1376 1112 1415 Alexis
1405 1388 1451 1426 55

136 1436 341 1473 Montibus
368 1433 427 1471 his
456 1434 581 1478 abeat,
612 1431 745 1469 videas
773 1439 810 1469 et
836 1431 996 1468 flumina
1022 1430 1133 1468 sicca.

191 1490 234 1527 T.
274 1491 368 1526 Aret
397 1500 511 1536 ager3
544 1486 637 1524 vitio
669 1484 837 1523 moriens
866 1483 944 1522 sitit
973 1484 1070 1522 aeris
1100 1485 1220 1522 herba
1228 1499 1239 1532 ;

137 1543 253 1581 Liber
280 1541 508 1591 pampineas
537 1538 675 1577 invidit
701 1538 866 1576 collibus
896 1538 1077 1575 umbras:

136 1595 323 1646 Phyllidis
352 1595 523 1633 adventu
553 1600 708 1631 nostrae
732 1604 871 1630 nemus
900 1603 1017 1628 omne
1041 1590 1188 1637 virebit,

136 1649 314 1699 Iuppiter
343 1655 380 1686 et
410 1648 514 1685 laeto
543 1646 758 1684 descendet
786 1644 974 1694 plurimus
1003 1644 1127 1683 imbri.
1405 1645 1455 1681 60

193 1703 233 1741 C.
276 1702 450 1751 Populus
476 1699 639 1738 Alcidae
664 1698 891 1748 gratissima,
919 1697 1005 1735 vitis
1036 1699 1193 1744 Iaccho,

138 1758 349 1794 Formosae
380 1761 526 1804 myrtus
555 1753 711 1798 Veneri,
744 1765 813 1789 sua
842 1752 971 1789 laurea
1003 1752 1166 1790 Phoebo
1182 1766 1192 1798 3

141 1809 286 1859 Phyllis
317 1816 422 1846 amat
450 1808 626 1857 corylos,
663 1805 746 1843 illas
776 1806 868 1842 dum
899 1803 1043 1854 Phyllis
1070 1804 1228 1850 amabit,

141 1865 228 1901 Nec
255 1869 400 1912 myrtus
428 1860 557 1899 vincet
586 1860 737 1909 corylos
766 1871 839 1896 nec
868 1859 997 1896 laurea
1025 1858 1187 1896 Phoebi.

195 1918 238 1955 T.
280 1916 467 1953 Fraxinus
493 1913 533 1950 in
563 1912 667 1950 silvis
693 1911 963 1961 pulcherrima,
991 1911 1106 1960 pinus
1133 1911 1172 1948 in
1197 1911 1330 1957 hortis,
1406 1913 1454 1960 65

140 1970 313 2019 Populus
341 1968 380 2005 in
410 1966 545 2012 fluviis,
574 1965 683 2004 abies
712 1965 751 2002 in
781 1964 979 2002 montibus
1008 1964 1118 2002 altis:

139 2022 301 2071 Saepius
329 2028 369 2059 at
397 2021 428 2058 si
459 2033 534 2066 me,
567 2019 714 2069 Lycida
742 2019 924 2063 formose,
954 2017 1107 2065 revisas,

142 2076 326 2113 Fraxinus
354 2075 394 2111 in
422 2073 526 2110 silvis
552 2073 668 2110 cedat
692 2071 773 2118 tibi,
804 2070 919 2120 pinus
944 2069 985 2107 in
1009 2071 1139 2108 hortis.

199 2130 257 2166 M.
297 2129 411 2164 Haec
431 2124 602 2170 memini,
624 2132 662 2162 et
681 2124 827 2162 victum
846 2125 983 2160 frustra
1002 2124 1241 2161 contendere
1267 2125 1302 2161 T
1305 2124 1456 2174 hyrsim.

142 2183 200 2219 Ex
229 2182 295 2218 illo
323 2180 507 2229 Corydon
534 2178 719 2226 Corydon
750 2184 807 2215 est
831 2184 1007 2226 ternpore
1033 2177 1156 2214 nobis.
1413 2189 1460 2226 70
