1621 2509
469 79 785 118 BUCOLJCA.
842 79 965 117 [ζει.
997 79 1082 116 JJJ.
1388 87 1432 125 27

107 178 299 225 Efficiam,
328 180 494 229 posthac
523 193 573 218 ne
603 193 842 229 quemquam
872 192 971 218 voce
1000 180 1176 217 lacessas.

157 234 212 271 D.
250 232 353 281 Quin
381 245 463 282 age,
491 233 523 271 si
549 233 644 282 quid
669 234 814 271 habes:
850 232 889 270 in
919 246 982 270 me
1009 245 1118 270 mora
1143 244 1224 270 non
1250 230 1320 269 erit
1346 231 1434 278 ulla,

106 286 192 324 Nec
221 299 460 335 quemquam
489 286 606 336 fugio,
638 294 802 332 tantum,
833 286 960 324 vicine
988 287 1215 330 Palaemon,

104 339 290 377 Sensibus
320 340 416 377 haec
443 339 532 378 imis
562 340 639 390 (res
668 348 727 377 est
756 352 836 378 non
866 338 1001 389 parva)
1032 351 1212 388 reponas.

157 393 204 430 P.
245 392 388 439 Dicite,
409 393 732 442 quandoquidem
753 393 793 430 in
813 392 922 431 molli
947 392 1196 430 consedimus
1225 391 1353 438 herba,
1386 403 1432 440 55

104 446 155 483 Et
184 458 292 483 nunc
320 446 448 483 omnis
476 459 578 495 ager,
610 459 716 483 nunc
745 446 874 484 omnis
903 445 1065 495 parturit
1093 446 1219 490 arbos,

102 498 143 535 N
147 511 223 536 unc
251 499 434 537 frondent
463 501 594 546 silvae,
625 513 730 537 nunc
757 498 1061 537 formosissimus
1091 511 1227 536 annus.

103 552 251 601 Incipe,
285 554 505 597 Damoeta3
544 561 585 590 tu
615 553 760 591 deinde
788 565 964 601 sequere,
996 552 1188 590 Menalca.

100 605 271 643 Alternis
301 606 465 652 dicetis3
504 614 637 643 amant
665 607 813 644 alterna
841 607 1052 645 Camenae.

154 660 210 695 D.
251 660 314 697 Ab
345 660 441 697 Iove
470 659 705 709 principium
735 661 903 697 Musae:
942 658 1048 696 Iovis
1077 657 1210 697 omnia
1237 659 1354 708 plena
1369 672 1380 706 3

101 712 174 750 Ille
203 712 297 750 colit
325 719 445 751 terras
459 727 469 759 ,-
507 712 561 750 illi
591 725 679 750 mea
708 713 882 750 carmina
910 725 1035 750 curae.
1383 715 1428 749 61

153 767 211 803 M.
254 767 305 803 Et
342 779 405 804 me
440 767 624 804 Phoebus
658 774 789 814 amat,
830 766 992 804 Phoebo
1028 779 1096 803 sua
1134 778 1287 815 semper
1324 765 1430 815 apud

316 832 378 857 me

100 873 268 910 Munera
296 881 397 919 sunt,
428 872 524 911 lauri
553 880 592 911 et
620 886 738 911 suave
766 874 910 911 rubens
940 872 1181 922 hyacinthus.

150 927 205 963 D.
246 927 356 964 Malo
385 939 447 964 me
477 927 641 965 Galatea
669 926 777 976 petit,
807 926 951 964 lasciva
978 928 1118 976 puella,

99 980 150 1016 Et
178 979 274 1028 fugit
301 980 352 1017 ad
381 981 529 1026 salices,
560 989 598 1018 et
628 994 669 1018 se
697 980 806 1029 cupit
835 988 928 1018 ante
958 980 1091 1018 videri.
1380 983 1426 1028 65

150 1033 213 1071 M.
251 1035 305 1070 At
333 1033 428 1071 mihi
456 1046 541 1071 sese
570 1034 680 1071 offert
709 1035 810 1071 ultro
840 1046 951 1071 meus
980 1033 1078 1082 ignis
1107 1034 1310 1083 Amyntas,

97 1086 239 1124 Notior
269 1094 310 1124 ut
337 1086 415 1124 iam
444 1087 492 1124 sit
521 1087 683 1125 canibus
712 1100 793 1125 non
825 1088 940 1125 Delia
968 1086 1118 1125 nostris.

149 1140 202 1176 D.
244 1141 359 1178 Parta
387 1152 497 1178 meae
527 1140 671 1178 Veneri
700 1149 790 1178 sunt
819 1153 1008 1178 munera:
1048 1153 1219 1189 namque
1249 1141 1379 1179 notavi

97 1193 188 1242 Ipse
217 1194 359 1237 locum,
391 1193 518 1232 aeriae
549 1207 628 1243 quo
657 1206 889 1242 congessere
919 1194 1131 1243 palumbes.

148 1248 208 1284 M.
251 1247 370 1295 Quod
398 1247 515 1296 potui,
547 1260 668 1296 puero
697 1247 858 1285 silvestri
888 1260 937 1285 ex
965 1249 1102 1286 arbore
1131 1248 1233 1285 lecta
1379 1260 1426 1296 70

95 1301 226 1338 Aurea
255 1301 360 1337 mala
389 1301 527 1338 decern
556 1300 667 1349 misi,
706 1313 789 1338 cras
819 1302 940 1339 altera
968 1300 1130 1339 mittam.

149 1355 201 1391 D.
244 1354 280 1393 O
310 1353 492 1403 quotiens
520 1362 559 1392 et
588 1367 689 1404 quae
718 1354 833 1393 nobis
863 1355 1028 1393 Galatea
1055 1355 1186 1393 locuta
1215 1362 1284 1399 est,

95 1408 249 1445 Partem
278 1408 460 1456 aliquam,
490 1407 606 1453 venti,
636 1408 768 1446 divom
799 1408 970 1446 referatis
999 1409 1049 1447 ad
1077 1410 1211 1446 aures!

147 1462 207 1499 M.
249 1461 356 1509 Quid
390 1462 550 1511 prodest
583 1462 690 1511 quod
726 1475 788 1499 me
822 1461 904 1511 ipse
937 1462 1068 1500 animo
1102 1475 1184 1500 non
1217 1462 1378 1512 spernis,

310 1516 496 1564 Amynta,

92 1567 143 1614 Si,
174 1568 269 1606 dum
299 1576 340 1606 tu
370 1568 528 1607 sectaris
556 1582 684 1619 apros,
716 1582 788 1619 ego
818 1570 913 1607 retia
942 1570 1086 1608 servo?
1377 1582 1421 1619 75

146 1623 200 1659 D.
245 1623 421 1670 Phyllida
449 1622 559 1660 mitte
589 1623 708 1660 mihi:
748 1635 858 1660 meus
888 1631 945 1660 est
974 1623 1122 1670 natalis,
1156 1623 1278 1669 Iolla3

94 1676 196 1714 Cum
225 1675 366 1713 faciam
396 1675 514 1713 vitula
542 1689 613 1725 pro
642 1677 827 1725 frugibus,
858 1676 943 1725 ipse
971 1677 1114 1714 venito.

145 1729 205 1766 M
242 1729 419 1777 Phyllida
449 1743 538 1768 amo
573 1737 664 1768 ante
694 1729 814 1770 alias:
861 1743 951 1767 nam
982 1743 1045 1769 me
1074 1729 1274 1769 discedere
1304 1730 1419 1777 flevit,

95 1783 145 1819 Et
173 1783 335 1831 longum
366 1784 588 1831 ‘Formose‚
621 1784 706 1821 vale
735 1784 844 1830 vale‚’
874 1783 1012 1833 inquit,
1043 1785 1153 1822 Iolla.

143 1837 198 1873 l).
240 1836 367 1874 'l‘riste
395 1837 510 1886 lupus
538 1836 709 1881 stabulis,
742 1837 900 1875 maturis
928 1837 1100 1887 frugibus
1129 1836 1284 1884 imbres,
1371 1842 1420 1875 80

91 1888 307 1927 Arboribus
334 1890 452 1935 venti,
481 1891 596 1928 nobis
626 1890 876 1940 Amaryllidis
904 1890 992 1929 irae.

144 1943 206 1980 M.
247 1943 375 1981 Dulce
405 1943 496 1981 satis
524 1944 676 1991 humor,
707 1944 879 1993 depulsis
909 1946 1068 1982 arbutus
1098 1944 1246 1990 haedis,

91 1997 217 2034 Lenta
245 1996 342 2034 salix
369 1998 449 2034 feto
478 1997 622 2046 pecori,
654 1997 749 2034 mihi
779 1999 884 2036 solus
914 2001 1114 2048 Amyntas.

142 2050 195 2086 D.
242 2051 350 2088 Polio
379 2059 483 2087 amat
516 2059 700 2097 nostram,
733 2051 909 2100 quamvis
940 2060 998 2089 est
1031 2052 1182 2099 rustica,
1217 2054 1400 2090 Musam:

92 2102 276 2148 Pierides,
307 2102 467 2140 vitulam
497 2104 631 2142 lectori
660 2105 807 2153 pascite
837 2112 974 2143 vestro.
1368 2109 1415 2155 85

141 2156 201 2192 M.
244 2156 356 2194 Polio
384 2164 423 2194 et
451 2156 533 2206 ipse
562 2157 654 2195 facit
683 2170 786 2195 nova
814 2157 1012 2195 carmina:
1050 2157 1197 2208 pascite
1225 2165 1390 2205 taurum,

90 2210 175 2246 Iam
205 2222 326 2247 cornu
356 2217 464 2258 petat
493 2220 532 2248 et
561 2210 729 2259 pedibus
759 2210 825 2259 qui
855 2219 1007 2260 spargat
1037 2225 1204 2250 arenam.

140 2264 195 2300 D.
237 2262 314 2312 Qui
344 2271 392 2309 te,
414 2263 536 2310 Polio,
559 2275 675 2311 amat,
696 2264 825 2301 veniat
854 2277 932 2313 quo
962 2273 1000 2303 te
1029 2278 1185 2315 quoque
1213 2266 1359 2315 gaudet
1374 2282 1387 2315 ,-
