1621 2509
415 85 730 123 BUCOLJCA.
791 85 916 122 ECL.
949 85 1032 122 [ll.
1362 95 1406 133 25

85 185 243 224 Addam
271 197 382 223 cerea
410 198 558 234 pruna:
596 186 722 223 honos
752 185 822 223 erit
851 184 943 222 huic
971 197 1130 234 quoque
1160 197 1278 233 pomo
1295 198 1304 230 3

86 241 136 277 Et
164 252 245 282 vos,
275 251 299 276 ο
328 239 434 286 lauri,
468 251 626 288 carpam
655 246 694 276 et
722 246 771 286 te,
803 238 980 287 proxima
1008 245 1141 288 myrte,

85 292 147 331 Sic
176 292 325 342 positae
354 291 541 341 quoniam
570 305 708 330 suaves
737 291 908 330 miscetis
938 293 1090 330 odores.
1360 302 1406 340 55

86 345 270 384 Rusticus
298 358 351 390 es,
382 346 594 394 Corydon:
633 358 706 383 nec
735 358 896 383 munera
925 352 1035 383 curat
1062 344 1206 390 Alexis,

87 400 184 446 Nec,
214 400 246 437 si
274 399 499 437 muneribus
528 407 662 446 certes,
692 400 884 437 concedat
914 400 1041 436 Iollas.

89 454 182 491 Heu
211 454 313 491 heu!
370 453 476 500 Quid
505 452 609 490 volui
640 452 780 490 misero
810 451 933 490 mihi?
992 452 1170 490 Floribus
1200 459 1378 490 austrum

87 506 267 544 Perditus
297 514 335 543 et
364 505 522 555 liquidis
551 506 694 544 immisi
723 505 897 544 fontibus
926 518 1051 554 apros.

87 562 217 609 Quem
243 559 354 608 fugis,
386 572 418 605 a,
450 560 643 597 demens?
682 559 907 597 habitarunt
935 559 975 597 di
1005 572 1163 609 quoque
1194 558 1309 597 silvas
1358 561 1408 596 60

88 613 388 662 Dardaniusque
418 613 535 650 Paris.
594 614 722 651 Pallas
751 625 847 661 quas
877 613 1056 650 condidit
1085 626 1192 665 arces

88 668 181 717 Ipsa
209 668 337 705 colat:
376 666 491 704 nobis
519 667 701 716 placeant
730 674 820 704 ante
850 666 983 704 omnia
1012 666 1142 704 silvae.

86 723 216 759 Torva
244 721 382 758 leaena
409 721 544 768 lupum
575 720 757 769 sequitur,
789 720 902 769 lupus
931 719 1014 768 ipse
1043 720 1246 769 capellam,

88 775 312 812 Florentem
340 773 506 824 cytisum
536 774 708 823 sequitur
737 774 882 811 lasciva
911 775 1071 823 capella,

87 830 146 866 Te
175 828 372 877 Corydon,
404 840 428 866 o
457 828 596 865 Alexi:
634 827 749 865 trahit
779 840 847 864 sua
876 840 1073 876 quemque
1102 828 1293 876 voluptas.
1358 829 1404 876 65

87 881 244 931 Aspice,
275 889 398 919 aratra
427 881 518 930 iugo
547 882 718 919 referunt
746 893 937 930 suspensa
964 880 1131 926 iuvenci,

88 937 138 972 Et
167 936 225 973 sol
255 943 472 972 crescentes
503 935 699 973 decedens
729 934 905 983 duplicat
934 935 1115 972 umbras:

88 990 157 1026 Me
186 996 318 1026 tamen
346 988 420 1026 urit
449 1001 580 1026 amor:
620 988 706 1036 quis
741 987 846 1026 enim
875 988 1017 1026 modus
1046 987 1147 1026 adsit
1175 988 1325 1026 amori?

87 1045 121 1079 A
152 1042 338 1091 Corydon
368 1042 566 1091 Corydon,
597 1054 699 1090 quae
729 1050 767 1079 te
796 1041 995 1079 dementia
1024 1041 1160 1090 cepit?

86 1095 328 1145 Semiputata
355 1095 425 1133 tibi
452 1096 640 1133 frondosa
666 1095 754 1133 vitis
783 1095 823 1132 in
852 1096 960 1133 ulmo
990 1102 1058 1133 est.
1361 1108 1408 1143 70

88 1149 194 1198 Quin
222 1156 264 1186 tu
292 1148 441 1198 aliquid
470 1150 607 1187 saltem
637 1150 780 1198 potius,
812 1161 978 1198 quorum
1008 1148 1157 1198 indiget
1186 1162 1286 1195 usus,

86 1202 310 1241 Viminibus
339 1202 524 1251 mollique
554 1215 664 1251 paras
695 1202 877 1240 detexere
905 1203 1054 1240 iunco?

88 1256 271 1295 Invenies
299 1256 430 1302 alium,
459 1257 490 1293 si
520 1266 557 1294 te
586 1256 648 1294 hic
677 1257 836 1303 fastidit,
866 1256 1042 1294 Alexim!

584 1498 805 1537 ECLOGA
838 1497 914 1534 ΙΙΙ.

327 1650 566 1687 MENALCAS.
627 1650 869 1687 DAMOE'rAs.
930 1651 1172 1687 PALAEMON.

140 1791 201 1828 M.
244 1791 325 1827 ch
355 1788 460 1834 mihi,
492 1790 699 1834 Damoeta,
731 1789 862 1826 cuium
893 1792 1044 1838 pecus?
1083 1796 1129 1826 ai]
1162 1788 1382 1827 Meliboei?

140 1845 194 1882 D.
237 1845 340 1889 Non,
371 1856 505 1882 verum
535 1841 733 1892 Aegonis;
773 1855 898 1891 nuper
927 1842 1022 1881 mihi
1051 1842 1209 1881 tradidit
1239 1845 1389 1892 Aegon.

140 1898 202 1935 M.
239 1896 382 1948 Jnfelix
411 1909 435 1934 o
464 1909 618 1945 semper
647 1909 739 1934 oves
768 1899 914 1946 pecus!
951 1896 1036 1946 ipse
1067 1898 1261 1935 Neaeram

88 1951 194 1988 Dum
225 1952 330 1988 fovet
359 1963 406 1987 ac
433 1963 484 1988 ne
513 1962 575 1987 rne
605 1949 678 1988 sibi
708 1951 896 1998 praeferat
925 1949 990 1988 illa
1018 1959 1181 1996 veretur,

90 2004 170 2042 Hic
198 2004 346 2042 alienus
375 2016 466 2041 oves
496 2011 629 2041 custos
657 2004 717 2041 bis
746 2004 894 2052 mulget
922 2003 962 2041 in
990 2004 1096 2050 hora,
1387 2016 1406 2054 5

88 2059 139 2095 Et
168 2070 283 2096 sucus
312 2057 444 2107 pecori
474 2065 512 2095 et
542 2058 603 2095 lac
635 2057 864 2095 subducitur
893 2057 1014 2107 agnis.

140 2113 193 2149 D.
237 2110 395 2149 Parcius
424 2110 497 2148 ista
525 2110 613 2147 viris
643 2118 775 2148 tamen
804 2109 1013 2149 obicienda
1045 2120 1254 2150 memento.

249 2180 270 2199 ἥ
433 2181 457 2203 ἣ(-
621 2180 642 2200 *X-
807 2181 829 2203 7¹(—
994 2183 1017 2203 *k

140 2235 201 2272 M.
241 2235 358 2279 Tum,
389 2234 518 2279 credo,
549 2247 637 2272 cum
667 2247 730 2272 me
758 2235 957 2273 arbustum
988 2235 1118 2274 videre
1150 2235 1321 2275 Miconis
1373 2251 1418 2275 10

88 2290 220 2338 Atque
248 2289 351 2325 mala
379 2287 474 2326 vites
503 2288 674 2327 incidere
704 2289 802 2326 falce
833 2290 1015 2328 novellas.
