1591 2479
118 85 164 121 28
447 84 492 122 P
544 85 791 122 VERGJLJ
827 84 1001 121 MARO
1004 85 1107 122 VIS

117 162 238 238 Mella
266 186 386 223 fluant
415 186 480 232 illi,
511 187 605 224 ferat
634 194 672 225 et
701 189 819 226 rubus
847 200 959 237 asper
985 200 1196 226 amomum.

167 241 226 278 M
269 239 346 287 Qui
377 239 537 277 Bavium
567 253 647 278 non
677 240 770 286 odit,
802 248 905 279 amet
934 248 1001 279 tua
1029 241 1210 288 carmina,
1236 239 1378 288 Maevi‚

119 296 252 342 Atque
281 293 385 331 idem
415 293 549 342 iungat
577 295 714 343 vulpes
743 302 782 332 et
810 295 981 343 mulgeat
1007 294 1144 332 hircos.
1390 307 1435 343 91

168 347 226 384 D.
267 346 344 394 Qui
373 346 496 396 legitis
525 347 638 385 flores
668 354 705 385 et
734 347 840 384 humi
869 347 1070 386 nascentia
1097 349 1212 397 fraga,

117 399 304 448 Frigidus,
336 412 359 437 o
389 399 509 448 pueri,
539 400 658 449 fugite
687 400 790 447 hinc,
820 401 913 438 latet
943 400 1078 450 anguis
1107 402 1146 438 in
1176 401 1303 439 herba.

169 453 228 490 M
273 452 433 500 Parcite,
464 465 567 499 oves,
599 453 760 491 nimium
791 455 1026 503 procedere:
1065 467 1144 492 non
1173 455 1275 492 bene
1305 452 1408 503 ripae

118 506 320 555 Creditur3
357 506 440 555 ipse
469 505 567 544 aries
594 506 711 544 etiam
741 520 846 545 nunc
873 509 1016 545 vellera
1043 507 1172 545 siccat.
1391 519 1437 557 95

171 561 224 597 D.
262 560 405 609 Tityre,
437 567 641 608 pascentes
670 574 693 598 a
721 560 880 598 flumine
908 560 1009 599 reice
1038 563 1228 610 capellas:

119 614 219 663 Ipse,
250 613 318 651 ubi
347 620 502 661 tempus
531 613 610 659 erit,
642 626 779 652 omnes
808 614 847 651 in
876 615 984 652 fonte
1012 615 1161 652 lavabo.

171 668 231 704 Μ
274 666 411 715 Cogite
442 679 544 712 oveS,
576 667 709 716 pueri;
748 668 777 705 si
808 669 868 705 lac
896 667 1135 717 praeceperit
1163 675 1302 713 aestus,

119 721 176 758 Ut
204 732 340 768 nuper,
370 721 507 757 frustra
534 720 796 769 pressabimus
824 722 944 759 ubera
970 721 1120 770 palmis.

170 773 224 810 D.
268 775 359 811 Heu
398 774 484 821 heu,
516 786 631 822 quam
672 773 803 824 pingui
840 787 971 812 macer
1008 782 1066 812 est
1104 774 1199 812 mihi
1236 781 1365 812 taurus
1402 774 1442 812 in

329 839 420 864 ervo
440 830 445 864 1
1369 841 1442 865 100

121 880 231 918 Idem
261 892 370 917 amor
398 880 557 918 exitium
587 880 719 929 pecori
748 881 977 930 pecorisque
1007 881 1202 931 magistro.
1386 883 1389 886 ’

172 935 231 972 Μ
282 933 359 971 His
407 941 511 972 certe
558 947 685 983 neque
732 948 840 973 amor
887 948 1005 972 causa
1050 942 1130 972 est:
1182 934 1245 973 vix
1291 934 1442 973 ossibus

331 988 500 1025 haerent.

120 1039 266 1078 Nescio
295 1041 382 1089 quis
410 1047 564 1079 teneros
594 1043 730 1079 oculus
760 1041 854 1079 mihi
884 1041 1043 1079 fascinat
1073 1054 1205 1091 agnos.

170 1095 225 1132 D.
264 1094 350 1138 Dic,
374 1093 515 1143 quibus
545 1094 584 1132 in
611 1094 813 1133 terris—et
839 1096 912 1133 eris
940 1095 1035 1132 mihi
1060 1108 1223 1144 magnus
1247 1095 1444 1144 Apollo——

119 1149 217 1186 Tres
248 1155 380 1196 pateat
409 1148 519 1186 Caeli
549 1149 716 1197 spatium
745 1162 826 1186 non
855 1149 1023 1197 amplius
1052 1150 1171 1187 ulnas.
1371 1159 1440 1198 105

171 1202 231 1239 Μ
274 1200 360 1247 Dic,
383 1201 524 1250 quibus
554 1201 593 1238 in
624 1202 731 1239 terris
761 1202 934 1251 inscripti
963 1201 1123 1239 nomina
1151 1215 1282 1251 regum

120 1256 341 1293 Nascantur
369 1255 507 1302 flores;
540 1262 578 1293 et
607 1255 786 1305 Phyllida
815 1257 919 1293 solus
947 1255 1100 1293 habeto.

171 1309 217 1346 P.
260 1309 352 1346 Non
382 1316 557 1346 nostrum
587 1308 686 1346 inter
715 1322 784 1346 vos
814 1316 940 1346 tantas
969 1321 1206 1358 componere
1235 1308 1329 1346 lites.

122 1364 171 1399 Et
199 1361 320 1399 vitula
349 1369 389 1399 tu
419 1361 559 1410 dignus
589 1368 627 1399 et
656 1361 728 1400 hic.
789 1364 839 1400 Et
869 1361 1043 1411 quisquis
1073 1375 1225 1400 amores

122 1416 245 1453 Haud
275 1422 423 1453 temnet
452 1416 597 1461 dulces,
628 1416 734 1453 haud
764 1415 983 1465 experietur
1010 1428 1172 1453 amaros.
1370 1429 1442 1452 110

121 1468 302 1508 Claudite
332 1467 408 1506 iam
437 1467 548 1516 rivos,
579 1469 710 1518 pueri:
750 1476 807 1507 sat
837 1478 947 1518 prata
975 1468 1167 1507 biberunt.

616 1675 841 1713 ECLOGA
881 1675 953 1712 IV.

121 1795 337 1832 SICELIDES
370 1795 519 1839 Musae,
552 1795 667 1842 paulo
698 1794 845 1832 maiora
874 1796 1080 1831 canamus!

123 1850 214 1885 Non
244 1861 378 1885 omnes
407 1849 564 1885 arbusta
592 1847 724 1885 iuvant
754 1847 996 1896 humilesque
1026 1846 1220 1896 myricae3

120 1900 158 1939 Si
187 1901 362 1938 canimus
392 1901 517 1947 silvas,
550 1900 668 1938 silvae
698 1900 774 1938 sint
802 1902 963 1938 consule
993 1900 1144 1949 dignae.

174 1954 324 1992 Ultima
354 1954 517 1993 Cumaei
545 1954 649 1992 venit
680 1954 755 1991 iam
783 1953 961 1991 carminis
991 1961 1121 2001 aetas;

122 2009 292 2056 Magnus
321 2009 371 2045 ab
401 2008 550 2056 integro
580 2008 795 2045 saeclorum
827 2006 995 2044 nascitur
1024 2007 1131 2044 ordo.
1423 2018 1443 2056 5

123 2063 205 2098 Iam
237 2061 335 2098 redit
364 2067 402 2098 et
430 2060 560 2109 Virgo,
592 2061 757 2098 redeunt
787 2059 965 2097 Saturnia
993 2072 1134 2109 regna3

121 2115 205 2151 Iam
236 2127 338 2151 nova
366 2114 570 2162 progenies
600 2115 708 2151 caelo
739 2113 954 2151 demittitur
981 2114 1069 2150 alto.

119 2168 181 2204 Tu
211 2167 331 2204 inodo
361 2166 535 2205 nascenti
565 2179 698 2215 puero,
729 2180 807 2215 quo
838 2168 956 2204 ferrea
988 2165 1153 2215 primum

121 2221 284 2258 Desinet
314 2233 359 2257 ac
388 2227 471 2258 toto
501 2228 628 2268 surget
657 2233 753 2268 gens
782 2233 896 2258 aurea
925 2220 1084 2260 mundo,

121 2275 239 2312 Casta
268 2275 352 2311 fave
384 2273 554 2310 Lucina:
595 2281 682 2310 tuus
711 2273 786 2310 iam
817 2280 949 2322 regnat
979 2274 1132 2321 Apollo.
1400 2284 1446 2309 10
