1591 2479
121 79 166 104 22
468 67 514 104 P.
549 65 798 104 VERGJLJ
829 66 1107 105 MARONJS

121 171 300 207 Pastores
329 166 459 207 ovium
489 174 643 207 teneros
671 168 867 217 depellere
894 169 1006 206 fetus.

119 222 181 260 Sic
210 221 370 259 canibus
398 222 548 258 catulos
577 220 732 266 similes,
762 220 818 258 sic
845 221 1032 259 matribus
1060 222 1209 260 haedos

122 276 281 321 Noram,
308 273 363 311 sic
391 273 519 323 parvis
547 286 784 322 componere
813 286 956 323 magna
984 275 1171 312 solebam.

124 328 271 366 Verum
300 328 397 365 haec
426 334 574 364 tantum
605 327 698 364 alias
728 327 826 364 inter
855 333 974 376 caput
1001 327 1137 365 extulit
1165 328 1290 373 urbe5‚

124 381 325 429 Quantum
352 381 457 417 lenta
486 380 613 418 solent
642 379 741 417 inter
768 379 931 418 viburna
959 379 1141 429 cupressi.

173 435 234 472 M.
275 434 326 471 Et
355 446 456 482 quae
485 440 592 470 tanta
620 432 691 470 fuit
720 434 890 470 Romam
920 431 991 471 tibi
1018 445 1136 471 causa
1162 432 1352 472 videndi?

181 489 222 525 T.
264 486 450 532 Libertas,
480 499 581 534 quae
611 499 694 524 sera
723 494 853 524 tamen
882 485 1050 535 respexit
1077 486 1252 533 inertem,

124 539 340 579 Candidior
367 546 575 589 postquam
605 540 783 577 tondenti
813 539 932 577 barba
960 539 1137 585 cadebat,

125 592 312 643 Respexit
340 600 473 630 tamen
502 600 541 631 et
569 593 686 641 longo
716 599 803 642 post
831 600 1009 641 tempore
1038 592 1154 639 venit,

125 648 336 696 Postquam
365 659 438 684 nos
458 645 666 695 Amaryllis
695 647 824 691 habet,
856 647 1020 684 Galatea
1048 645 1209 694 reliquit.

125 702 317 749 Namque,
348 699 498 737 fatebor
526 699 643 746 enim,
674 699 770 737 dum
799 712 862 736 me
892 700 1055 737 Galatea
1083 699 1255 747 tenebat,

126 755 210 792 Nec
238 766 326 802 spes
353 751 540 790 libertatis
569 760 648 790 erat
677 765 751 790 nec
779 766 869 790 cura
897 752 1033 801 peculi.

125 806 315 855 Quamvis
344 807 467 843 multa
495 805 592 844 meis
620 805 739 844 exiret
768 805 926 843 victima
954 804 1084 854 septis,

127 860 284 909 Pinguis
313 867 352 898 et
380 859 552 909 ingratae
581 865 820 908 premeretur
848 872 982 897 caseus
1012 857 1107 904 urbi,

127 915 219 952 Non
247 925 420 962 unquam
449 912 574 962 gravis
603 925 689 950 aere
720 913 882 951 domum
912 911 1007 949 mihi
1036 913 1170 950 dextra
1198 911 1357 950 redibat.

178 968 237 1005 M
281 966 452 1004 Mirabar
481 965 577 1015 quid
606 973 754 1004 maesta
782 967 889 1012 deos,
922 966 1117 1015 Amarylli,
1150 978 1336 1013 vocares;

127 1020 202 1060 Cui
230 1020 402 1069 pendere
431 1032 499 1057 sua
526 1020 710 1068 patereris
737 1019 777 1056 in
805 1019 942 1057 arbore
970 1031 1112 1068 poma:

126 1073 280 1123 Tityrus
310 1072 401 1110 hinc
430 1074 573 1110 aberat.
633 1074 749 1121 Ipsae
778 1080 827 1119 te,
859 1073 1002 1121 Tityre,
1034 1071 1159 1121 pinus,

129 1127 210 1177 Ipsi
238 1135 276 1164 te
304 1128 442 1173 fontes,
471 1127 556 1175 ipsa
584 1126 680 1164 haec
708 1127 865 1164 arbusta
891 1126 1095 1163 vocabant.

184 1182 230 1219 T.
268 1180 375 1228 Quid
403 1180 603 1217 facerem?
640 1192 767 1229 neque
797 1177 951 1217 servitio
980 1191 1043 1216 me
1071 1177 1174 1217 exire
1203 1178 1344 1217 licebat

129 1236 213 1272 Nec
242 1241 321 1271 tam
351 1240 577 1282 praesentes
606 1233 698 1271 alibi
727 1244 962 1281 cognoscere
992 1231 1110 1270 divos.

130 1288 208 1325 Hic
236 1287 344 1324 illum
373 1286 453 1324 vidi
482 1285 675 1331 iuvenem,
709 1286 919 1332 Meliboee,
950 1284 1160 1334 quotannis

129 1341 195 1379 Bis
223 1352 339 1378 senos
368 1339 431 1377 cui
461 1347 593 1378 nostra
622 1339 704 1377 dies
732 1339 867 1377 altaria
895 1340 1056 1376 fumant.

131 1395 208 1432 Hic
238 1393 332 1431 mihi
360 1406 591 1442 responsum
620 1393 765 1442 primus
793 1392 903 1431 dedit
932 1392 995 1430 ille
1023 1391 1195 1440 petenti:

130 1447 305 1485 ‘Pascite
334 1454 375 1484 ut
404 1453 494 1484 ante
523 1447 653 1492 boves,
685 1445 816 1495 pueri:
855 1444 1070 1484 submittite
1099 1444 1254 1482 tauros.'

180 1502 241 1539 M.
283 1502 494 1538 Fortunate
524 1512 651 1545 senex,
683 1512 774 1549 ergo
803 1507 870 1537 tua
897 1512 984 1536 rura
1012 1500 1237 1544 manebunt,

131 1556 181 1592 Et
209 1554 279 1592 tibi
308 1566 450 1603 magna
477 1553 580 1591 satis.
639 1552 827 1601 Quamvis
856 1552 954 1601 lapis
983 1551 1116 1590 omnia
1143 1553 1271 1590 nudus

131 1609 367 1656 Limosoque
397 1607 508 1656 palus
537 1607 708 1644 obducat
737 1619 882 1656 pascua
908 1605 1036 1651 iunco,

132 1663 223 1699 Non
250 1660 405 1698 insueta
431 1673 566 1709 graves
596 1661 802 1698 tentabunt
830 1660 976 1709 pabula
1004 1660 1112 1705 fetas,

131 1716 216 1752 Nec
244 1715 347 1751 mala
374 1713 488 1751 vicini
518 1714 669 1762 pecoris
698 1713 877 1762 contagia
905 1713 1070 1750 laedent.

131 1769 340 1806 Fortunate
367 1779 494 1813 senex,
526 1766 588 1804 hic
615 1766 715 1804 inter
741 1766 902 1804 flumina
928 1772 1023 1803 nota

131 1823 181 1859 Et
208 1822 335 1859 fontes
364 1833 492 1857 sacros
520 1819 637 1869 frigus
666 1820 841 1869 captabis
870 1831 1045 1868 opacum.

133 1874 239 1911 Hinc
268 1873 347 1921 tibi,
379 1886 478 1922 quae
507 1886 671 1922 semper,
703 1872 830 1911 vicino
858 1874 908 1909 ab
937 1872 1058 1909 limite
1088 1883 1200 1920 sepes

134 1928 321 1976 Hyblaeis
350 1927 486 1975 apibus
515 1927 649 1964 florem
679 1927 842 1974 depasta
871 1925 994 1962 salicti

132 1984 255 2030 Saepe
284 1980 359 2018 levi
388 1993 571 2017 somnum
600 1979 780 2017 suadebit
810 1979 904 2016 inire
934 1990 1110 2016 susurro:

132 2034 240 2072 Hinc
268 2035 345 2071 alta
374 2033 447 2070 sub
475 2045 570 2081 rupe
598 2040 711 2070 canet
740 2032 941 2070 frondator
967 2032 1019 2069 ad
1048 2044 1182 2078 auras3

133 2089 217 2125 Nec
245 2094 373 2124 tamen
404 2085 551 2123 interea
579 2098 716 2123 raucae
746 2092 813 2122 tua
842 2098 933 2121 cura
961 2085 1165 2133 palumbes

135 2141 218 2178 Nec
246 2152 399 2190 gemere
428 2138 531 2175 aeria
559 2138 726 2176 cessabit
755 2145 877 2175 turtur
905 2139 954 2175 ab
983 2139 1100 2174 ulmo.

190 2195 229 2230 T.
279 2195 381 2229 Ante
411 2192 514 2229 leves
543 2204 634 2240 ergo
664 2199 871 2239 pascentur
899 2190 937 2227 in
967 2202 1135 2239 aequore
1163 2189 1276 2235 cervi,

134 2247 183 2282 Et
210 2247 306 2283 freta
334 2245 546 2282 destituent
575 2244 701 2281 nudos
732 2243 770 2280 in
800 2243 910 2280 litore
940 2243 1086 2292 pisces,

1391 341 1435 378 25

1396 1670 1445 1708 50

1397 1937 1443 1975 55

1398 2193 1448 2228 60
