1621 2509
482 64 796 102 BUCOLJCA.
854 66 981 103 ECL.
1012 66 1071 102 ll.
1391 79 1438 115 23

113 166 218 202 Ante
246 167 450 214 pererratis
478 166 685 204 amborum
713 166 856 204 finibus
887 167 976 204 exul

113 219 193 254 Aut
221 217 372 255 Ararim
401 220 565 256 Parthus
594 219 703 256 bibet
732 226 798 256 aut
827 217 1039 256 Germania
1065 218 1225 268 Tigrim,

114 269 243 317 Quam
272 278 406 308 nostro
434 272 534 309 illius
562 272 713 309 labatur
740 280 899 320 pectore
926 273 1063 309 vultus.

168 324 227 360 M.
266 325 320 360 At
347 336 421 362 nos
449 324 542 362 hinc
569 323 635 361 alii
663 323 835 361 sitientes
864 324 1005 362 ibimus
1033 326 1161 371 Afros,
1387 328 1434 374 65

113 375 205 412 Pars
231 376 428 424 Scythiam
459 385 498 415 et
525 377 706 426 rapidum
736 378 877 415 Cretae
904 377 1105 415 veniemus
1135 378 1273 416 Oaxen

114 429 164 465 Et
193 428 345 477 penitus
374 437 459 468 toto
488 430 633 468 divisos
663 430 756 468 orbe
787 430 1004 469 Britannos

113 482 175 518 En
204 494 388 531 umquam
417 483 564 532 patrios
593 484 711 532 longo
740 491 829 532 post
857 490 1033 532 ternpore
1061 484 1169 529 fines,

113 535 295 584 Pauperis
324 543 362 574 et
391 536 517 585 tuguri
545 544 775 585 congestum
805 535 952 585 cespite
980 538 1135 574 culmen

113 589 207 625 Post
233 588 383 638 aliquot
411 603 500 627 mea
527 603 646 639 regna
674 589 811 627 videns
840 589 1009 627 mirabor
1036 589 1202 627 aristas?
1383 604 1432 639 70

113 641 260 690 Impius
289 643 387 680 haec
416 650 495 680 tam
525 645 628 681 culta
654 641 809 680 novalia
838 642 949 680 miles
978 643 1150 690 habebit,

112 695 302 733 Barbarus
331 698 401 734 has
431 704 606 745 segetes:
645 710 694 734 en
723 709 803 745 quo
833 696 1028 733 discordia
1056 697 1160 734 cives

111 749 298 786 Produxit
327 749 499 796 miseros,
533 749 591 787 his
620 763 692 788 nos
722 749 970 787 consevimus
999 752 1134 798 agros!

110 802 244 840 Insere
273 816 388 850 nunc,
422 804 632 848 Meliboee,
662 802 789 852 piros:
829 816 933 852 pone
963 804 1100 841 ordine
1128 802 1235 841 vites.

109 857 170 893 Ite
199 868 322 904 meae,
355 856 445 894 felix
473 857 675 906 quondam
704 869 835 905 pecus,
866 856 918 894 ite
947 857 1132 905 capellae.
1385 868 1430 907 75

110 909 202 946 Non
232 921 304 958 ego
334 922 403 948 vos
431 912 597 959 posthac
624 909 736 948 viridi
766 909 961 958 proiectus
990 909 1031 946 in
1059 917 1171 947 antro

108 963 289 1000 Dumosa
318 964 490 1011 pendere
518 965 656 1012 procul
685 964 735 1001 de
764 976 860 1011 rupe
889 963 1034 1001 videbo
1048 978 1058 1010 3

109 1015 294 1054 Carmina
323 1017 426 1054 nulla
455 1030 593 1054 canam
609 1030 620 1064 3
658 1030 739 1055 non
768 1029 831 1054 me
860 1024 1057 1066 pascente,
1088 1017 1274 1065 capellae,

109 1069 333 1107 Florentem
363 1070 528 1119 cytisum
558 1079 596 1108 et
625 1070 762 1108 salices
792 1069 956 1119 carpetis
986 1082 1146 1107 amaras.

166 1124 207 1160 T.
235 1122 317 1160 Hic
332 1132 464 1162 tamen
481 1124 752 1161 hanc-mecum
773 1133 929 1173 poteras
946 1122 1188 1172 requiescere
1204 1130 1361 1162 noctem
1384 1125 1434 1160 80

107 1176 264 1214 Fronde
293 1189 409 1226 super
436 1177 576 1215 viridi:
617 1186 706 1215 sunt
736 1177 850 1215 nobis
879 1176 989 1214 mitia
1016 1189 1148 1226 poma,

107 1229 326 1268 Castaneae
356 1231 495 1269 molles
523 1238 562 1268 et
590 1231 711 1279 pressi
741 1231 855 1280 copia
884 1230 1003 1268 lactis.

107 1283 158 1320 Et
186 1282 265 1320 iam
295 1296 447 1321 summa
476 1285 613 1332 procul
641 1283 818 1322 villarum
848 1283 1018 1321 culmina
1046 1284 1208 1329 fumant,

108 1335 358 1386 Maioresque
387 1338 531 1375 cadunt
560 1337 647 1375 altis
677 1339 727 1375 de
756 1337 956 1375 montibus
986 1338 1155 1374 umbrae.

588 1549 808 1587 ECLOGA
841 1550 895 1586 ΙΙ.

108 1649 346 1687 FORMOSUM
375 1657 511 1699 pastor
540 1651 726 1700 Corydon
756 1651 917 1688 ardebat
947 1648 1111 1693 Alexim,

108 1702 280 1740 Delicias
309 1703 485 1750 domin13
524 1716 598 1741 nec
626 1703 722 1752 quid
751 1712 922 1752 speraret
951 1705 1131 1742 habebar.

106 1758 279 1794 Tantum
310 1756 410 1794 inter
438 1757 580 1794 densas
610 1757 793 1795 umbrosa
822 1757 1028 1795 cacumina
1048 1758 1155 1807 fagos

107 1809 275 1848 Assidue
303 1809 496 1848 veniebat.
557 1810 618 1847 lbi
648 1811 746 1847 haec
774 1810 977 1848 incondita
1007 1812 1113 1848 solus

108 1863 313 1901 Montibus
342 1871 379 1901 et
408 1863 511 1902 silvis
540 1864 671 1901 studio
699 1863 867 1901 iactabat
895 1863 1028 1901 inani:
1408 1871 1428 1912 5

161 1917 220 1956 ‘O
248 1917 414 1954 crudelis
443 1916 569 1964 Alexi,
600 1917 696 1954 nihil
725 1930 813 1955 mea
841 1917 1015 1954 carmina
1043 1918 1183 1955 curas?

108 1969 174 2007 Nil
203 1969 324 2008 nostri
352 1970 565 2008 miserere?
622 1969 726 2008 Mori
756 1983 818 2008 me
848 1971 1018 2019 denique
1048 1983 1177 2020 coges.

107 2024 226 2061 Nunc
256 2024 371 2061 etiarn
402 2024 574 2072 pecudes
604 2025 762 2061 umbras
792 2031 829 2061 et
859 2023 999 2073 frigora
1029 2031 1213 2073 captant,·

107 2077 226 2114 Nunc
253 2076 394 2114 virides
424 2076 541 2115 etiam
572 2077 771 2115 occultant
801 2077 955 2126 spineta
983 2078 1159 2123 lacertos,

106 2130 305 2179 Thestylis
334 2138 372 2167 et
401 2130 539 2178 rapido
567 2130 678 2168 fessis
707 2130 945 2168 messoribus
973 2139 1083 2168 aestu
1385 2142 1430 2166 10

109 2183 208 2220 Allia
237 2183 528 2232 serpullumque
557 2183 697 2221 herbas
726 2183 934 2221 contundit
963 2184 1121 2221 olentes.

107 2238 159 2273 At
189 2249 344 2273 mecum
374 2237 509 2282 raucis,
542 2243 606 2273 tua
636 2237 729 2273 dum
758 2237 920 2286 vestigia
948 2238 1079 2283 lustro,
