1611 2509
440 88 752 127 JJUCOLJCA.
811 89 934 126 ECL.
977 89 1038 125 Vl.
1351 102 1400 139 33

71 192 188 237 Vare,
218 197 304 228 tuas
332 190 493 239 cupiant
522 197 561 228 et
590 189 710 228 tristia
738 192 908 229 condere
936 190 1055 241 bella)

71 245 278 292 Agrestem
307 242 413 281 tenui
443 243 665 281 meditabor
693 243 882 283 arundine
912 257 1072 282 musam.

70 296 163 334 Non
194 295 337 334 iniussa
365 309 476 335 cano.
534 296 572 335 Si
601 296 686 346 quis
716 305 847 335 tamen
875 298 972 335 haec
1001 310 1171 347 quoque,
1201 297 1232 335 si
1262 298 1347 347 quis

71 351 220 400 Captus
249 363 381 388 amore
411 351 523 399 leget,
552 357 590 388 te
620 358 786 397 nostrae,
815 352 928 397 Vare,
954 351 1132 400 myricae,
1354 365 1399 389 10

69 405 128 441 Te
157 416 296 442 nemus
324 416 442 441 omne
471 411 609 452 canet,
643 416 716 442 nec
746 404 909 443 Phoebo
934 404 1078 453 gratior
1106 405 1184 442 ulla
1213 411 1282 451 est,

71 457 201 506 Quam
230 456 304 495 sibi
333 469 433 506 quae
462 457 555 494 Vari
583 456 830 507 praescripsit
859 458 1000 507 pagina
1028 469 1184 496 nomen.

121 510 285 559 Pergite,
318 509 502 550 Pierides.
559 510 740 549 Chromis
769 517 808 549 et
838 512 1057 561 Mnasyllos
1086 510 1126 548 in
1153 518 1265 548 antro

70 563 249 602 Silenum
277 564 388 613 pueri
417 576 556 601 somno
585 564 717 602 videre
746 563 950 611 iacentem,

70 617 256 655 Inflatum
285 619 468 656 hesterno
497 630 628 664 venas,
658 625 702 656 ut
729 631 895 667 semper,
928 618 1094 656 Iaccho:
1353 629 1394 667 15

68 671 177 710 Serta
205 672 340 721 procul
369 678 519 709 tantum
550 670 668 721 capiti
696 671 868 719 delapsa,
900 671 1092 717 iacebant,

70 726 120 762 Et
148 724 272 773 gravis
301 724 431 762 attrita
458 725 656 773 pendebat
685 725 893 762 cantharus
921 737 1025 762 ansa.

68 777 254 827 Adgressi
285 779 392 827 (nam
423 791 546 837 saepe
570 790 691 816 senex
721 791 789 827 spe
819 778 1001 816 carminis
1030 778 1148 815 ambo

71 830 252 883 Luserat)
282 830 447 869 iniciunt
476 830 570 880 ipsis
600 844 646 869 ex
674 831 828 869 vincula
858 831 978 869 sertis.

68 884 192 923 Addit
221 897 262 923 se
291 884 439 923 sociam
470 885 695 934 timidisque
724 885 948 934 supervenit
977 885 1109 933 Aegle,
1350 899 1396 922 20

67 939 202 988 Aegle,
235 938 430 976 Naiadum
461 938 730 987 pulcherrima,
763 939 919 987 iamque
949 937 1096 976 videnti

70 991 300 1041 Sanguineis
328 993 496 1029 frontem
525 991 643 1028 moris
673 999 711 1029 et
742 1000 918 1040 tempora
947 992 1092 1041 pingit*

69 1046 143 1083 Ille
173 1046 309 1083 dolum
339 1044 470 1083 ridens
502 1046 615 1093 ‘Quo
644 1044 800 1083 vincula
828 1045 1031 1083 nectitis?⁷
1071 1045 1207 1096 inquit.

70 1103 78 1119 ‘
96 1098 241 1136 Solvite
271 1111 346 1145 me,
376 1098 508 1147 pueri:
547 1098 638 1136 satis
668 1106 725 1136 est
754 1098 929 1148 potuisse
959 1098 1094 1137 videri.

69 1152 277 1191 ‘Carmina
306 1164 406 1201 quae
435 1151 550 1190 vultis
581 1152 807 1201 cognoscite
823 1166 833 1199 3
872 1152 1044 1190 carmina
1071 1152 1193 1199 vobis,
1349 1163 1394 1201 25

68 1209 77 1226 ⁶
97 1205 204 1243 Huic
232 1205 339 1244 aliud
369 1205 558 1243 mercedis
588 1205 683 1243 erit!
738 1205 859 1243 Simul
888 1205 1025 1255 incipit
1054 1205 1147 1255 ipse.

67 1260 170 1296 Tum
199 1271 291 1297 vero
318 1258 358 1296 in
387 1271 592 1296 numerum
622 1260 857 1307 Faunosque
885 1260 1064 1308 ferasque
1092 1260 1241 1297 videres

69 1313 234 1359 Ludere,
264 1320 346 1350 tum
376 1312 516 1361 rigidas
546 1320 696 1351 motare
723 1312 926 1350 cacumina
955 1325 1160 1362 quercum,

68 1367 155 1404 Nec
183 1373 336 1404 tantum
368 1366 531 1404 Phoebo
559 1366 704 1415 gaudet
734 1365 918 1403 Parnasia
946 1378 1074 1415 rupes,

68 1421 152 1457 Nec
181 1426 333 1457 tantum
365 1420 562 1468 Rhodope
591 1419 750 1457 miratur
778 1426 816 1457 et
847 1421 1016 1457 Ismarus
1046 1420 1213 1468 Orphea.
1350 1433 1399 1467 30

67 1474 251 1522 Namque
280 1474 458 1520 canebat,
489 1472 545 1510 uti
574 1486 759 1522 magnum
789 1485 857 1522 per
884 1472 1002 1511 inane
1030 1476 1166 1510 coacta

68 1525 226 1565 Semina
254 1534 518 1576 terrarumque
546 1526 780 1575 animaeque
810 1525 1003 1576 marisque
1032 1526 1194 1564 fuissent

67 1582 119 1618 Et
148 1579 287 1629 liquidi
316 1579 431 1617 simul
461 1580 585 1630 ignis,
622 1588 664 1618 ut
692 1579 751 1617 his
782 1579 941 1618 exordia
969 1579 1101 1629 primis

67 1633 214 1673 Omnia
242 1640 281 1672 et
309 1633 392 1683 ipse
422 1640 531 1671 tener
560 1632 697 1670 mundi
726 1633 965 1671 concreverit
995 1634 1098 1671 orbis
1112 1646 1123 1679 3

69 1689 174 1725 Tum
204 1688 342 1726 durare
371 1687 498 1725 solum
529 1694 568 1724 et
596 1686 816 1725 discludere
847 1687 974 1725 Nerea
1004 1688 1133 1725 Ponto
1351 1695 1396 1733 35

69 1740 256 1790 Coeperit
286 1748 324 1779 et
353 1753 483 1778 rerum
512 1741 702 1790 paulatim
732 1753 883 1778 sumere
913 1741 1080 1786 formas3

70 1796 235 1844 Iamque
264 1807 411 1831 novum
441 1801 564 1832 terrae
593 1800 777 1843 stupeant
805 1794 1000 1831 lucescere
1030 1794 1166 1841 solem,

69 1847 196 1885 Altius
223 1855 342 1896 atque
371 1848 515 1885 cadant
543 1846 749 1885 summotis
780 1846 948 1884 nubibus
978 1846 1120 1885 imbres
1134 1861 1145 1894 3

70 1901 254 1950 Incipant
283 1900 402 1939 silvae
431 1914 519 1938 curn
551 1900 718 1959 primum
749 1913 914 1949 surgere,
947 1912 1115 1949 cumque

70 1956 174 1992 Rara
202 1967 271 2004 per
298 1954 453 2004 ignaros
483 1961 610 1992 errent
639 1952 823 1991 animalia
851 1961 1016 1996 montes.
1349 1963 1398 1997 40

71 2007 180 2045 Hinc
208 2008 358 2057 lapides
390 2008 558 2058 Pyrrhae
587 2007 721 2055 iactos,
753 2006 930 2044 Saturnia
959 2019 1088 2055 regna,

70 2062 370 2111 Caucaseasque
398 2062 514 2099 refert
542 2062 718 2099 volucres
747 2061 971 2109 furtumque
1002 2057 1238 2097 Promethei.

70 2114 148 2153 His
175 2114 362 2164 adiungit,
396 2116 530 2164 Hylan
561 2121 702 2152 nautae
731 2126 811 2162 quo
840 2114 948 2151 fonte
976 2112 1151 2151 relictum

69 2169 330 2215 Clamassent‚
360 2175 403 2206 ut
432 2168 521 2205 litus
553 2168 683 2217 ‘Hyla
714 2165 840 2216 Hyla'
871 2179 989 2205 omne
1019 2173 1199 2212 sonaret3

71 2222 123 2259 Et
151 2222 399 2268 fortunatam,
431 2220 461 2258 si
492 2233 692 2270 nunquam
720 2227 897 2258 armenta
924 2220 1096 2265 fuissent,
1352 2226 1399 2264 45

71 2273 295 2323 Pasiphaen
325 2274 427 2312 nivei
457 2275 603 2311 solatur
630 2286 762 2311 amore
791 2272 954 2311 iuvenci.

184 2366 212 2393 S.
237 2366 270 2391 B.
1274 2362 1295 2399 3
